4009 5267
296 105 392 214 ‘450
626 81 1067 174 nnotosrnrorras
1096 79 1429 170 nonnanis.

244 213 412 281 municauit
433 202 570 290 superiori
592 200 654 266 suas
674 201 883 265 involuntariae
924 219 1032 283 pertur-
1074 199 1202 282 opium,
1224 200 1260 262 ἃ,
1275 198 1393 262 unicum
1415 184 1857 292 motirptnomniumestmff

252 295 401 361 bationet·
1074 282 1124 364 qui
1143 278 1310 352 deliberati,
1333 278 1364 339 dt
1386 295 1528 342 rnerrtoru
1550 275 1632 339 suns·
1663 323 1667 328 ·

295 394 343 450 14.
367 372 401 433 ln
425 364 560 432 extremis
580 360 798 447 probationibus
818 381 870 443 pro
901 359 1031 442 parifica-
1112 403 1132 437 „
1155 362 1227 424 Non
1250 359 1425 421 intendimus
1446 376 1543 422 tamen
1554 376 1603 439 per
1612 353 1771 450 expressam
1785 357 1854 424 Pro·

250 453 332 518 tione
353 450 461 515 amoris
482 445 514 509 fit
535 447 663 526 quaedam
694 441 834 522 separatio
871 440 959 522 partis
990 440 1032 505 se-
1071 486 1093 518 „
1114 442 1289 539 posrionum
1320 438 1482 512 hujusmodi
1515 437 1776 521 reprobationem,
1797 442 1859 506 alia

163 587 164 590 ,
251 532 374 618 patioris
394 533 496 592 anime
516 528 552 588 ab
574 521 728 587 inferiori.
754 523 787 582 ln
811 522 861 582 illa
879 520 1031 603 separatio·
1071 564 1092 598 „
1115 545 1143 585 tn
1166 523 1265 587 eodem
1289 519 1363 583 libro
1384 536 1522 585 contenta
1543 518 1681 612 ullatenus
1708 521 1859 600 approba.

252 636 289 682 ne
323 611 400 674 asius
428 603 519 689 'partis
541 602 682 667 inferioris
715 617 887 665 manantes
909 602 1032 664 omnino
1072 643 1093 680 ‚‚
1115 625 1163 666 re.
1186 604 1228 664 Ut
1249 619 1347 664 autem
1361 601 1465 665 eadem
1475 596 1624 682 presentes
1634 598 1860 692 Litteraeomni·

253 714 343 769 ezra,
366 677 620 754 &involuntaria
629 683 865 764 perturbatione:
889 682 967 744 Nam
989 699 1033 744 to·
1076 728 1096 761 „
1118 686 1169 748 bus
1191 683 1302 745 facilius
1324 680 1523 755 innotescant,
1545 700 1596 744 nec
1616 675 1765 758 quisquam
1787 683 1858 758 illa·

252 792 338 846 tum,
360 772 438 854 quod
459 767 497 828 erl
518 761 769 836 involuntarium,
791 764 822 825 δι
845 761 1034 828 ἰηιιΙΙεέὶιιιΙε
1073 809 1096 843 ,,
1118 786 1181 829 rum
1205 764 1400 844 ignorantiam
1420 762 1519 830 ualeat
1538 759 1659 838 allegare
1677 802 1687 831 ,
1704 760 1857 855 nolumus

254 855 293 918 esi
313 854 404 935 partis
425 844 598 927 superioris.
966 874 976 880 ‘
1073 889 1094 922 ,‚
1117 846 1240 929 pariter,
1264 844 1295 905 dt
1314 843 1485 908 aunarinn
1507 839 1622 935 praefata
1651 838 1855 932 decernimus,

297 954 344 1012 ¹5·
368 928 527 992 Meditatio
547 921 961 999 conratdisenrsrvisanibns,
981 921 1034 1003 qui
1074 970 1095 1003 ,‚
1118 944 1149 989 ut
1172 924 1283 986 illaad
1308 923 1407 986 ualuas
1427 921 1550 985 basilica
1571 920 1715 1014 Principis
1731 923 1857 1003 Apollo.

253 1035 272 1076 a
304 1011 330 1074 se
363 1010 492 1072 invicem·
520 1003 603 1068 sacile
623 1005 854 1083 distinguuntur.
878 1006 933 1067 Illa
953 1023 1032 1067 com·
1072 1049 1094 1082 „
1116 1006 1228 1078 lorum,
1248 1025 1283 1066 ec
1303 1003 1489 1068 cancellaria
1511 997 1777 1095 Apostolicorum
1795 1027 1853 1070 non
1933 1073 1943 1082 ⁸

252 1088 358 1174 positio
385 1087 501 1150 asinum
532 1083 779 1159 discursivorum,
810 1082 1032 1148 &redemtum
1073 1128 1094 1161 ‚‚
1118 1085 1212 1148 Curia
1232 1083 1381 1147 Generalis
1402 1085 1430 1145 in
1453 1085 1561 1146 Monte
1583 1081 1751 1173 citatorio,
1771 1086 1800 1148 δι
1822 1087 1854 1150 in

250 1171 289 1236 eli
310 1190 362 1254 pro
385 1169 427 1231 ria
446 1168 615 1256 eternitatio
636 1166 743 1228 amoris
764 1164 934 1229 interesseti.
1074 1211 1094 1244 ‚‚
1119 1168 1192 1231 Acie
1212 1163 1319 1247 Campi
1342 1164 1434 1228 Plora
1453 1164 1487 1227 de
1507 1160 1585 1224 Urbe
1605 1180 1656 1243 pet
1677 1161 1801 1240 aliquem
1819 1175 1855 1231 'ax

257 1305 261 1316 .
297 1255 343 1314 16.
364 1188 458 1312 shtur
479 1250 498 1311 sl
520 1269 565 1310 rus
585 1245 841 1328 contemplationis
860 1250 929 1312 adeo
950 1242 1033 1307 subii·
1075 1291 1094 1324 ,‚
1115 1243 1284 1311 Curionibus
1305 1245 1431 1319 nolitis,
1454 1262 1486 1308 ut
1509 1242 1599 1338 moris
1618 1243 1684 1316 est,
1731 1243 1854 1308 ublieen-

194 1391 197 1396 ,
253 1332 329 1404 mis.
352 1329 477 1411 adeoque
497 1350 516 1410 p
535 1327 646 1403 isesias,
669 1344 702 1389 ut
722 1325 771 1386 fiat
793 1324 965 1398 habitualis,
990 1324 1032 1386 ita
1071 1372 1092 1403 ‚,
1116 1346 1181 1401 tur,
1205 1326 1377 1403 illatumque
1397 1325 1530 1409 exempla
1551 1323 1690 1394 rbrdema
1724 1327 1857 1390 raselin-

254 1430 288 1475 ut
307 1413 421 1493 quoties
441 1409 540 1474 anima
559 1391 623 1472 adiu
643 1423 726 1480 orat,
749 1402 796 1465 sua
815 1402 1030 1480 orariofircon·
1071 1452 1092 1484 ‚‚
1113 1424 1259 1486 quintum
1281 1405 1323 1468 ira
1345 1422 1376 1467 ut
1398 1407 1433 1469 fic
1455 1406 1632 1488 publicatas,
1662 1423 1796 1481 omnes,
1828 1407 1859 1470 ἀ

255 1492 449 1571 templativa,
470 1509 525 1551 nou
548 1485 717 1554 discursive.
737 1486 821 1549 Tunc
839 1485 1034 1566 nonamplius
1073 1530 1094 1564 „
1117 1489 1257 1570 fingulos,
1279 1507 1351 1567 quos
1360 1482 1697 1578 concernunt‚.petinde
1706 1481 1857 1565 afficiant,

257 1572 317 1633 indi
354 1570 475 1631 tredire
495 1569 530 1628 ad
552 1565 770 1630 meditationem
792 1609 803 1643 ,
824 1564 936 1648 ejusque
956 1565 1034 1642 adias
1072 1611 1094 1646 „
1115 1588 1147 1631 ac
1170 1570 1190 1630 sr
1211 1568 1364 1646 unicuique
1386 1566 1504 1629 illorum
1539 1564 1726 1645 personalrtet
1756 1567 1855 1632 notifi-

255 1671 316 1715 met
338 1649 453 1711 odicos·
1075 1692 1098 1727 „
1118 1666 1210 1722 cate,
1232 1648 1263 1708 ds
1285 1647 1425 1710 intimatae
1446 1646 1587 1710 fuissent:
1611 1663 1700 1727 utque
1729 1645 1857 1730 ipsarum

298 1737 345 1809 ιγ.
368 1728 485 1792 Anima
506 1727 741 1810 contemplativae
763 1725 915 1810 privantur
927 1726 1037 1789 intuitu
1074 1726 1297 1813 „presentium
1334 1728 1510 1790 Litterarum
1553 1725 1742 1809 transumptis
1760 1774 1784 1814 ‚h
1811 1728 1857 1794 seu

255 1807 409 1882 distinete,
429 1801 566 1882 sensibili,
590 1809 621 1871 δι
642 1805 748 1872 reflexo
770 1806 1031 1880 Jesqurilliduo·
1070 1852 1092 1887 ,‚
1115 1807 1255 1890 eternplis
1265 1808 1353 1870 etiarn
1364 1806 1523 1888 impresse,
1545 1829 1634 1869 manu
1644 1808 1764 1881 alicujus
1789 1815 1855 1874 Νο·

252 1888 305 1954 bus
325 1887 504 1971 temporibus
524 1883 660 1961 diversiss
681 1889 780 1952 Primo
801 1888 830 1949 in
854 1885 963 1951 servore
980 1908 1032 1949 na·
1070 1935 1094 1969 „
1115 1890 1180 1953 rarii
1202 1889 1310 1970 publici
1332 1886 1521 1969 subscriptis,
1552 1889 1582 1950 ds
1605 1887 1696 1967 sigillo
1727 1887 1851 1971 persona

149 2040 152 2046 ¹
255 1968 348 2035 scente
370 1990 466 2033 aarum
488 1967 773 2053 contemplationisa
807 1967 934 2032 Secundo
957 1968 1031 2029 Ani·
1071 2017 1093 2048 ‚,
1115 1972 1145 2034 in
1167 1969 1360 2032 Ecclefiassica
1381 1968 1531 2049 Dignitate
1564 1970 1721 2033 conliirnrae
1750 1973 1847 2036 muni.

255 2070 306 2113 ma
325 2050 439 2113 amittit
459 2050 598 2114 intuitum
618 2048 683 2121 lesu
704 2050 808 2113 Cbrilli
832 2050 863 2112 in
898 2049 1033 2112 extremis
1073 2097 1093 2127 „
1117 2053 1177 2125 tis,
1199 2050 1297 2113 eadem
1320 2049 1432 2131 prorsus
1453 2048 1522 2110 sides
1547 2091 1556 2122 ‚
1578 2067 1636 2112 tam
1659 2050 1687 2110 in
1709 2049 1848 2130 Jodicio,

255 2131 491 2214 probationibus.
913 2145 916 2155 ¹
1070 2177 1093 2209 „
1114 2152 1202 2214 quam
1223 2148 1306 2193 ettta
1327 2131 1396 2193 illud
1416 2129 1521 2208 ubique
1541 2128 1662 2190 locorum
1686 2130 1844 2207 habeatur,

302 2213 348 2273 18.
371 2211 406 2273 In
427 2212 498 2272 slatu
520 2208 628 2292 pallito
650 2226 816 2275 exercentur
845 2229 946 2272 ornnes
974 2211 1032 2274 vir·
1072 2257 1094 2291 „
1115 2235 1178 2294 qna
1208 2210 1273 2293 ipsus
1325 2210 1483 2273 insentibus
1513 2209 1844 2285 baberetur,s1sorent

254 2307 331 2355 tutes
352 2290 497 2360 nisinen,
521 2312 576 2351 non
598 2291 781 2371 cogitando,
801 2290 879 2369 quod
903 2292 954 2352 sint
975 2292 1034 2352 uir·
1073 2337 1095 2370 „
1114 2293 1251 2356 exhibitas
1272 2231 1323 2354 ves
1338 2288 1432 2354 ollens
1460 2334 1468 2352 .
1712 2369 1719 2382 ι

258 2387 353 2432 tutes.
377 2372 411 2433 in
432 2369 563 2448 quolibet
586 2368 834 2433 momentoxalind
866 2392 922 2432 non
956 2370 1033 2449 cogi·
1114 2416 1135 2446 „
1159 2371 1265 2433 Datum
1289 2373 1390 2433 Roma
1407 2371 1480 2451 apud
1502 2369 1633 2432 Sassiam
1642 2367 1847 2433 MarramMa-

257 2465 364 2524 tatur,
395 2469 482 2526 quarn
504 2447 595 2510 sacere
619 2451 674 2521 id,
703 2451 781 2528 quod
805 2449 879 2511 Deus
902 2448 982 2522 uult,
1004 2450 1035 2511 dt
1074 2498 1096 2530 ‚,
1119 2456 1209 2527 iorem
1233 2448 1283 2512 sub
1303 2450 1410 2514 annulo
1432 2451 1587 2514 Piscatoris
1606 2450 1653 2511 die
1679 2470 1724 2511 ra.
1746 2449 1855 2512 Martii

255 2549 338 2591 amor
360 2528 511 2610 zelotypus
533 2527 612 2591 sinrul
635 2528 750 2603 efficit,
773 2551 806 2591 ne
850 2532 891 2592 uis
911 2532 1036 2610 amplius
1072 2580 1095 2611 ‚,
1122 2537 1208 2608 1699.
1232 2529 1420 2595 pontificatus
1440 2530 1525 2593 nollri
1551 2533 1641 2592 Anno
1660 2527 1784 2591 ollaru-

255 2610 306 2673 sibi
329 2607 468 2673 uirtutem
492 2608 584 2683 velit,
608 2632 659 2673 nec
683 2630 806 2687 unquam
827 2551 862 2673 st
884 2612 954 2672 adeo
976 2610 1033 2672 vir·
1115 2617 1315 2677 condemnatio
1333 2614 1449 2672 duarum
1471 2609 1602 2687 Thefium
1621 2610 1656 2670 de
1679 2611 1849 2691 Omnipoten-

254 2708 318 2830 ἕνα
341 2691 472 2770 preditus
490 2733 499 2765 ‚
520 2709 606 2771 quant
629 2710 694 2754 cum
717 2691 820 2755 virtuti
840 2690 965 2772 amplius
995 2687 1034 2751 as·
1075 2699 1120 2759 ria
1142 2698 1264 2769 demta,
1284 2693 1323 2755 (t
1339 2691 1468 2776 subjesia
1485 2699 1643 2756 creature.

280 2791 330 2834 tus
352 2791 407 2831 non
430 2773 489 2831 est.

265 2839 269 2850 ¹
300 2871 311 2912 r
338 2891 345 2907 ·
370 2847 539 2912 l’otelidici
562 2848 590 2909 in
612 2848 667 2913 ltoc
688 2849 793 2925 sensu,
824 2852 901 2931 quod
935 2851 1033 2914 anima
1121 2928 1125 2936 Ι
1180 2857 1264 2917 Fetia
1287 2875 1314 2934 5.
1335 2854 1383 2916 die
1405 2876 1452 2937 ις.
1474 2851 1642 2920 Novembris
1665 2854 1753 2934 1670.

255 2947 292 3013 pa
316 2949 391 3007 rua,
422 2929 453 2990 dt
474 2929 671 2992 difinteressata
691 2953 742 2993 nec
773 2930 864 3013 ipsum
901 2952 1029 2993 amorem
1541 2981 1544 2986 ι

255 3009 320 3078 vult
341 3007 466 3089 amplius
486 3052 496 3083 ‚
517 3027 656 3092 quatenus
676 3013 714 3073 eli
736 3010 783 3076 sue
804 3009 937 3093 perseslio
959 3056 968 3085 ,
994 3013 1030 3072 dt
1110 3060 1133 3089 ‚,
1151 3016 1191 3078 §ln
1212 3015 1445 3096 Congregatione
1465 3017 1601 3082 Generali
1624 3014 1731 3077 sinna
1745 3014 1854 3078 Rotna-

255 3087 304 3160 sua
325 3086 463 3157 solicitas.
486 3089 529 3152 sed
551 3089 803 3172 solum'quatenus
823 3093 860 3156 esi
884 3093 932 3167 id,
954 3091 1033 3172 quod
1072 3139 1094 3173 „
1115 3117 1185 3170 nae,
1221 3098 1251 3158 δι
1273 3097 1439 3160 uniuersalis
1462 3095 1659 3176 Inquisitinnis
1691 3095 1791 3157 ltebita
1823 3097 1855 3159 in

256 3161 371 3238 Drus'a
393 3170 475 3232 nobis
497 3171 581 3233 uult.
1073 3219 1094 3253 ,‚
1120 3176 1232 3238 l’alatin
1256 3179 1386 3258 Apollol.
1418 3180 1536 3242 Montis
1564 3175 1725 3255 Quirinalis
1755 3197 1854 3239 coram

298 3269 346 3307 ιο.
369 3249 404 3310 In
425 3245 589 3310 confitendo
609 3247 713 3312 debent
732 3249 1032 3314 animaettanssorma·
1075 3300 1095 3332 „
1117 3258 1144 3319 8.
1167 3256 1196 3316 8.
1221 3256 1258 3316 D.
1281 3263 1322 3319 N.
1348 3260 1448 3321 innoc.
1470 3258 1537 3322 Diu.
1560 3261 1648 3321 Pron.
1670 3258 1702 3318 Ρ.
1734 3258 1765 3318 Ρ.
1795 3258 1855 3320 xl.

256 3343 293 3392 ιε
315 3326 361 3387 sua
381 3344 496 3408 peccata
516 3327 667 3402 (detestari,
688 3330 719 3391 ἃ
739 3332 928 3393 condemnare
938 3329 981 3407 se,
1003 3334 1034 3393 ἃ
1074 3379 1096 3412 ,,
1117 3356 1150 3398 ac
1171 3337 1273 3397 Ernin.
1296 3340 1325 3398 ἃ
1347 3340 1419 3399 Rev.
1441 3340 1576 3401 Dominis
1598 3338 1626 3399 S.
1649 3340 1685 3398 R,
1708 3337 1754 3398 Ε,’
1782 3339 1858 3400 cn.

253 3403 404 3474 desiderare
425 3404 737 3472 remiffionernsuorum
752 3429 953 3492 peccatorum,
975 3432 1033 3474 non
1072 3460 1094 3491 ‚,
1116 3417 1284 3494 dinalibpus,
1318 3420 1346 3479 in
1369 3435 1436 3481 tota
1457 3422 1529 3499 Rep.
1561 3418 1730 3498 Christiana,
1751 3436 1859 3481 contra

252 3488 453 3570 ”leOPslaffl
476 3487 739 3570 purificationem,
761 3494 790 3555 dr
812 3492 1033 3566 liberationem.
1073 3540 1093 3573 „
1116 3498 1291 3559 Haereticam
1314 3502 1488 3579 pravitatem
1519 3498 1695 3579 generalibus
1732 3498 1856 3580 Inquisi-

255 3566 300 3635 [ed
322 3585 354 3630 ut
377 3588 458 3642 rem,
477 3587 565 3648 quam
590 3567 665 3631 Deus
686 3571 767 3649 vult,
789 3570 893 3637 &vult
908 3573 1027 3636 nosuel·
1069 3619 1092 3652 „
1112 3575 1223 3639 turibus
1243 3598 1261 3640 a
1281 3577 1311 3639 8.
1335 3579 1404 3642 Sede
1426 3582 1595 3663 Apollolica
1616 3577 1777 3662 specialiter
1806 3582 1856 3643 de·

254 3646 281 3710 le
301 3665 418 3730 propter
438 3646 516 3710 suain
535 3646 678 3788 gloriam.
1067 3701 1090 3735 „
1112 3656 1240 3740 putatis.

297 3748 348 3789 21.
368 3726 460 3789 Sandii
483 3747 534 3809 my
558 3729 594 3791 ici
617 3731 795 3794 excluserunt
817 3751 840 3803 a⁸
866 3723 938 3796 ll'atu
966 3733 1027 3795 eni·
1111 3740 1231 3812 „Cum
1254 3735 1417 3819 supradielis
1440 3740 1537 3802 Emis.
1560 3740 1589 3801 ds
1612 3740 1795 3804 Reverendis.
1810 3737 1855 3803 D.

170 3865 172 3872 .
255 3826 368 3871 marum
391 3805 655 3875 transformatorum
688 3811 906 3877 exercitationes
939 3813 1030 3877 virtu·
1071 3861 1092 3894 „
1116 3817 1152 3878 D.
1173 3819 1273 3880 delate
1295 3817 1400 3883 suerint
1422 3820 1464 3883 hae
1485 3822 1545 3882 dna
1566 3822 1795 3917 propassiones:

254 3904 339 3952 tum.
1117 3918 1143 3958 ι.
1168 3898 1243 3961 Deus
1262 3899 1350 3961 donat
1370 3901 1453 3963 nobis
1473 3902 1729 3982 omnipotentiam
1752 3902 1853 3978 luam,

297 3965 348 4029 sei
366 3967 511 4042 Quamuis
529 3970 589 4034 hec
610 3971 740 4036 doetrina
758 3972 816 4051 (de
826 3991 897 4054 puto
907 3977 1032 4051 amore)
1072 3997 1105 4041 ut
1124 4000 1159 4040 ea
1179 3998 1312 4055 utamur,
1334 3979 1403 4044 srcut
1423 3982 1526 4064 aliquis
1534 3983 1623 4046 donat
1632 3982 1714 4048 alteri
1728 3981 1853 4060 uillam,

253 4046 319 4114 elles
340 4067 427 4130 pura,
449 4051 478 4110 nr
501 4052 616 4135 simplet
638 4051 771 4135 perseslio
792 4053 968 4135 Euangelica
998 4055 1026 4116 in
1070 4075 1121 4121 aut
1142 4058 1272 4138 librum.

254 4127 385 4192 universa
406 4129 560 4195 traditione
579 4132 739 4214 designata,
757 4132 871 4213 antiqui
908 4135 1028 4213 pallores
1111 4158 1139 4199 a.
1163 4138 1239 4202 Deus
1261 4137 1374 4213 subjicit
1393 4141 1476 4204 nobis
1485 4141 1563 4207 suam
1575 4143 1856 4226 omnipotentiam.

252 4228 310 4270 non
332 4211 530 4291 proponebant
550 4211 649 4293 pallini
672 4212 851 4275 multitudini
865 4215 1026 4290 justorum,
1110 4261 1131 4292 ‚,
1154 4219 1332 4281 Eorundem
1356 4223 1425 4296 jussu
1449 4243 1499 4304 per
1517 4226 1685 4306 Theolngos
1706 4224 1741 4286 ad
1752 4225 1781 4287 id
1792 4223 1855 4307 spe·

247 4288 303 4348 nifi
323 4288 557 4353 exercitationem
579 4293 687 4374 amoris
709 4292 891 4370 interesseti,
924 4313 1026 4357 eorum
1068 4341 1088 4374 „
1110 4297 1222 4362 cialiter
1243 4300 1393 4376 depuratos
1414 4301 1441 4363 8.
1462 4306 1490 4364 S.
1514 4305 1552 4365 D.
1573 4307 1614 4365 N.
1627 4306 1736 4380 relata,
1760 4307 1854 4369 &cn-

249 4367 347 4448 gratiae
367 4371 638 4450 proportionatam.
1068 4421 1089 4454 ,‚
1113 4399 1173 4438 ram
1195 4377 1243 4442 sua
1263 4380 1422 4445 Satanan
1441 4387 1591 4462 prooofitar
1612 4408 1670 4447 una
1692 4408 1758 4448 eunt
1771 4388 1855 4450 uotis

293 4469 341 4528 23.
366 4452 455 4511 Purus
475 4471 557 4512 antor
579 4451 636 4534 ipse
658 4450 731 4515 solus
751 4451 900 4517 constituit
931 4470 1027 4518 totam
1068 4500 1088 4535 „
1110 4459 1230 4532 Emis..
1253 4461 1378 4525 &Rem
1400 4463 1428 4524 8.
1440 4466 1479 4526 R.
1492 4465 1528 4527 E.
1541 4465 1760 4542 cardinalium,
1781 4469 1854 4528 San·

248 4529 341 4593 viram
362 4530 548 4598 interiorem.
571 4534 602 4594 ds
622 4548 690 4606 runc
711 4534 1024 4617 ereditunicuruprin-
1066 4580 1088 4613 „
1110 4537 1193 4604 slitas
1214 4541 1271 4605 Sua
1289 4541 1433 4622 decrerit,
1455 4546 1487 4608 dr
1508 4548 1681 4625 mandavit,
1704 4567 1736 4612 ut
1757 4548 1849 4612 ambas

1554 4673 1556 4677 ,
1669 4652 1672 4659 ’
1698 4674 1719 4708 u
1741 4649 1806 4713 pro-
