4009 5267
528 24 967 126 rnoeosmouas
997 19 1330 110 namneum.
1600 49 1688 139 441

133 172 238 240 doure
259 167 384 257 prosecat
406 161 432 228 le
453 157 568 233 dolere,
588 156 621 219 dr
641 171 804 238 proponere
823 169 920 215 emen·
1065 189 1068 202 .

132 256 299 321 dationem.
1042 217 1343 288 INNOCENTIUS
1371 217 1593 290 EPISCOPUS
1610 226 1673 292 ὄις,

171 315 636 406 61.Poreslaliqnendoabsolvi
657 359 670 388 ,
695 312 747 394 qui
768 311 799 376 in
821 305 918 393 proxi·

131 440 181 488 me
199 414 347 481 occasione
365 401 500 488 peccandi
522 398 667 472 versatur,
688 414 780 478 quarn
842 391 919 464 test,
956 429 981 466 „
1067 377 1425 445 OEiesiisPalloerrilius
1439 379 1751 462 Dominumntjacen.

132 502 163 565 ἂ
183 520 244 561 nou
263 489 326 556 vult
346 487 513 558 omittere,
542 478 710 562 quinimmo
729 474 790 537 dire
819 470 918 549 e,&
958 510 981 544 „
1088 482 1149 526 tem
1180 458 1209 522 in
1243 460 1371 523 tenebris
1397 462 1567 538 mundum,
1608 464 1754 545 variisqug

130 604 166 647 ex
186 596 238 660 pro
280 572 336 634 srto
353 564 476 648 querit,
496 580 548 625 aut
568 562 594 625 ei
616 556 642 622 se
663 557 795 637 ingerit.
958 545 1148 625 „Gentium
1177 539 1321 604 erroribus
1347 540 1517 606 inuolutum-
1554 564 1574 606 a
1611 543 1751 630 potestate

170 663 220 719 oz.
267 652 382 714 totima
400 645 512 712 occasio
530 638 667 725 peccandi
688 634 792 701 nonell
808 630 919 713 fugien·
958 669 978 703 „
1003 622 1147 699 Diaboli,
1177 618 1307 700 subque
1324 618 1429 686 misere·
1445 624 1506 705 poll
1529 622 1644 703 lapsum<
1662 623 1753 708 primi
1835 631 1844 642 ‘⁴

128 741 190 812 da,
216 733 330 818 quando
352 725 435 792 causa
462 724 564 806 aliqua
583 719 695 800 utilis,
722 733 775 785 aut
802 712 922 782 honeste
957 748 982 785 ‚,
1001 705 1136 799 Parentis
1154 701 1304 765 tenebatur
1324 744 1334 776 ,
1357 699 1407 765 sua
1426 701 1570 767 ineffabil}
1589 703 1751 768 militatio-

127 840 184 884 non
209 815 239 880 su
260 811 336 878 ’endi
356 807 502 874 occurrit.
958 829 979 864 „
1002 807 1041 849 ne
1060 785 1226 856 liberaret,
1254 801 1374 845 carnem
1406 781 1515 848 sumere
1549 785 1579 847 δι
1609 786 1643 850 in
1670 785 1756 866 ligno

169 902 221 980 63.
240 836 376 960 siclum
394 889 431 956 cll
454 907 577 975 quaerere
608 881 714 946 eirene
741 877 933 943 occasunem·
959 912 982 948 ‚,
1003 861 1334 961 CrucisGChitograpbp
1352 862 1571 963 Redemptionis
1593 867 1692 931 nostre,
1712 863 1751 927 af.

128 979 298 1064 proximam
320 972 455 1059 peccandi
476 991 529 1053 pro
557 968 639 1035 bono
664 958 806 1045 spirituali
828 1003 841 1035 ,
870 955 920 1021 vel
959 993 982 1030 „
1003 950 1064 1015 fixo
1086 993 1095 1021 ,
1117 943 1368 1040 rnUrelirmonrum
1390 944 1448 1010 suae·
1466 969 1495 1008 rn
1518 969 1572 1011 nos
1591 948 1754 1020 caritatis,

130 1058 316 1143 temporali,
336 1053 455 1128 nossro,
476 1050 521 1114 vel
543 1044 694 1131 proximi.
960 1074 985 1110 „
1004 1030 1060 1095 sese
1078 1027 1213 1091 Hostiam
1234 1041 1383 1090 eruentem
1405 1027 1474 1102 Deo
1491 1048 1548 1109 pro
1565 1028 1649 1091 nobis
1668 1025 1753 1091 oller·

172 1147 223 1220 64.
247 1132 452 1202 Absolution'ts
467 1149 559 1212 capax
579 1125 742 1198 ellhomo,
762 1135 919 1214 quantum·
959 1155 983 1190 „
1003 1105 1274 1191 redignatuaesl,
1306 1125 1377 1169 mox
1407 1109 1548 1172 rediturus
1583 1107 1754 1172 inCoelunr

79 1241 86 1254 ¹
131 1222 178 1284 vis
199 1220 309 1284 laboret
331 1213 494 1300 ignorantia
513 1205 721 1289 Mylleriotum
744 1199 857 1274 Fidei,
889 1198 924 1259 δι
959 1234 981 1270 ,,
1003 1190 1163 1255 Ecclesiam
1181 1183 1370 1249 Catholicam
1390 1184 1529 1268 Sponsam
1554 1185 1651 1260 suam,
1675 1207 1752 1252 tam·
1836 1227 1840 1238 .

131 1302 245 1368 etiamst
263 1320 313 1382 per
331 1294 539 1376 negligentiam
558 1289 650 1351 eriam
670 1280 842 1364 culpabilem
874 1299 921 1339 ne·
960 1314 982 1352 „
1004 1291 1094 1355 quam
1122 1287 1235 1331 noram
1262 1266 1424 1334 Civitatem
1455 1267 1587 1330 Sanslam
1618 1267 1727 1330 Hierus
1741 1305 1754 1319 .

132 1385 203 1447 sciat
224 1369 606 1463 Mylierium-Saniiiffrmae
622 1363 800 1436 Trinitatis,
821 1361 852 1423 ἃ
874 1359 921 1421 1n·
963 1353 1066 1442 „lem
1086 1345 1299 1414 descendentem
1332 1347 1479 1414 <lecolo
1505 1369 1563 1410 non
1599 1347 1755 1412 habentem.

130 1459 307 1529 carnationis
327 1454 452 1520 Domini
472 1449 561 1515 nostri
582 1444 647 1521 Iesu
666 1442 797 1510 Cbtilii.
961 1476 983 1510 „
1007 1449 1239 1522 tugampneque
1252 1431 1395 1492 maculam
1408 1475 1419 1506 ,
1441 1450 1549 1503 unam,
1573 1425 1757 1568 sarriiampue

171 1549 227 1624 65..
246 1537 358 1604 Sufficit
378 1536 433 1599 illa
451 1529 594 1614 Mylieria
612 1525 697 1591 semel
718 1518 884 1586 credidisse.
964 1556 986 1591 „
1010 1512 1039 1574 in
1061 1514 1163 1574 Terris
1198 1509 1395 1589 relinquens,
1422 1510 1510 1572 armis
1541 1508 1678 1588 potentia
1713 1529 1752 1571 ηε

169 1671 200 1705 ‚,
218 1624 404 1702 Quicumque
435 1633 536 1677 aurem
563 1606 691 1684 cujusvis
716 1600 925 1672 conditionis,
961 1637 985 1674 „
1006 1610 1110 1656 contra
1132 1592 1238 1652 Portas
1256 1590 1345 1653 loleri
1363 1588 1639 1663 circumvallatam,
1667 1591 1755 1653 Petro

28 1757 31 1762 -
127 1754 150 1786 „
174 1709 295 1777 slatus,
321 1703 354 1763 dr
372 1695 523 1779 dignitatis
543 1691 607 1752 illas
634 1733 643 1762 ,
666 1685 712 1749 vel
734 1684 849 1745 illarum
870 1677 922 1741 ali·
961 1718 984 1753 ‚,
1007 1671 1213 1754 Apostolorum
1236 1669 1396 1763 Principe,
1415 1672 1446 1733 de
1466 1668 1674 1732 Successoribus
1693 1671 1757 1743 ejus

131 1834 156 1867 „
174 1806 289 1869 qnam,
308 1776 507 1854 coniunsiim,
529 1771 575 1840 vel
599 1768 719 1831 diuisam
736 1762 891 1828 defenderit
900 1800 926 1852 ·,
963 1798 986 1832 „
1007 1751 1163 1834 tegendam-
1180 1749 1300 1836 tradidit
1321 1793 1335 1824 ,
1363 1767 1397 1813 ut
1417 1749 1588 1820 Doiirinam
1611 1749 1652 1811 ab
1669 1748 1756 1832 ipfius

218 1869 227 1927 l
248 1863 368 1930 ediderit
389 1904 403 1935 ,
429 1857 476 1920 uel
497 1858 533 1916 de
551 1852 596 1914 eis
613 1845 811 1930 disputative,
829 1837 923 1923 puble-
964 1879 989 1913 „1
1005 1854 1060 1897 ore
1077 1831 1228 1904 hauslam,
1252 1828 1360 1893 sartam
1377 1831 1538 1910 testamque
1559 1827 1755 1907 custodirent„

134 1996 159 2029 „
180 1971 214 2013 ce
232 1961 311 2021 ,aur
356 1937 472 2000 rivatim
495 1928 660 1995 trasiaverit
679 1968 693 2000 ,
723 1922 768 1986 vel
791 1916 925 2011 praedica-
961 1958 982 1994 ‚,
1006 1934 1044 1977 ne
1061 1932 1133 1976 oves
1151 1909 1276 2004 pretioso
1297 1909 1345 1974 suo
1366 1911 1508 1992 Sanguine
1518 1908 1673 1990 redempta
1684 1928 1749 1989 pta.

133 2076 158 2108 „
178 2027 277 2099 verit,
295 1960 353 2082 nid
368 2013 464 2077 scrcsan
484 2005 701 2090 impugnando,
724 2000 784 2083 ipso
794 1998 869 2062 stilo
880 2017 927 2057 rn·
963 2037 984 2074 „
1006 2011 1112 2076 uarum
1125 2009 1318 2072 ,oprnronum
1335 1991 1445 2070 pabulo
1462 1989 1494 2051 in
1514 1988 1650 2067 antiquos
1678 2008 1755 2054 erro·

197 2106 203 2120 '
286 2100 315 2160 in
349 2088 696 2158 Ercommunicationem
720 2082 784 2143 laras
814 2077 923 2141 senten·
963 2117 985 2154 „
1008 2092 1055 2136 res
1072 2070 1255 2146 reciderent,
1286 2071 1370 2152 quod
1395 2071 1536 2153 praecipue
1559 2069 1650 2134 Beato
1670 2070 1756 2131 Petro

132 1915 157 1951 aa
178 1891 216 1933 Vi

197 2126 205 2163 l

132 2154 159 2263 :1
178 2107 259 2255 sign,
279 2201 297 2243 a
316 2196 374 2261 qua
394 2193 455 2236 non
477 2166 561 2253 pom
583 2169 598 2248 (
619 2179 807 2249 preterquam
829 2157 859 2220 in
881 2175 924 2218 ar·
964 2198 986 2234 „
1010 2149 1153 2215 mandasse
1173 2151 1268 2213 Sacra
1284 2151 1401 2218 Littera
1419 2150 1556 2221 docent3
1586 2149 1644 2211 Cui
1675 2150 1757 2213 enim

132 2311 159 2347 „
178 2262 273 2329 riculo
292 2255 426 2332 mortis)
443 2252 480 2315 ab
499 2248 558 2311 aiio
579 2264 760 2328 quacumque
781 2239 870 2316 etiam
884 2235 924 2297 dl·
966 2279 987 2314 ‚,
1010 2231 1215 2316 Apostolorum
1234 2275 1249 2305 ,
1266 2232 1317 2293 nili
1340 2234 1456 2304 Petro,
1473 2228 1660 2310 dixitPasce
1680 2235 1758 2293 oves

133 2392 157 2427 „
179 2345 294 2486 {nitate
310 2337 455 2418 fulgente,
478 2329 531 2392 nist
548 2348 629 2422 apio
640 2342 774 2408 tempore
790 2319 932 2385 exiliente
967 2360 992 2394 „
1010 2336 1103 2388 meae,
1124 2311 1162 2376 dt
1177 2309 1293 2388 rursus,
1310 2316 1369 2392 Ego
1388 2315 1491 2395 rogaui
1503 2329 1553 2392 pto
1568 2329 1596 2370 re
1616 2354 1625 2384 ,
1655 2328 1688 2371 ut
1707 2337 1762 2374 non

131 2472 160 2508 ²>

209 2442 317 2487 otnano
336 2412 479 2480 Pontifice
501 2406 634 2472 absolut.
967 2439 990 2473 „
1011 2391 1121 2470 dqiciae
1140 2389 1227 2453 Fr'dee
1242 2412 1317 2467 rua,
1341 2392 1381 2455 (p
1402 2410 1437 2451 tu
1452 2391 1605 2473 aliquando·
1618 2395 1766 2475 touvnsee

174 2549 198 2582 „
224 2501 341 2582 insuper
370 2492 495 2557 distrisie
514 2489 543 2551 in
575 2488 684 2549 virture
714 2479 822 2543 sanna
850 2476 930 2540 Obe-
968 2520 995 2554 „
1010 2472 1140 2554 confirma
1155 2473 1257 2552 [ratres
1276 2477 1352 2536 euasi
1372 2473 1471 2550 Quare
1482 2473 1604 2548 Nobis,
1621 2476 1757 2553 quianon

133 2632 156 2666 „
179 2583 324 2656 dientiz,
346 2578 379 2641 δι
398 2573 451 2638 sub
467 2565 702 2640 interminatione
726 2561 831 2624 Dividi
848 2558 926 2629 ludi·
967 2602 989 2637 „
1011 2555 1112 2621 nolitis
1132 2551 1268 2627 meritis,
1301 2552 1350 2617 sed·
1377 2552 1555 2618 inscrutabili
1578 2553 1631 2615 Dei
1652 2558 1761 2618 Omni·

132 2714 155 2748 „
178 2667 220 2730 cii
249 2659 383 2746 prohibet
402 2654 537 2719 omnibus
566 2643 808 2711 christifidelibus
836 2635 926 2715 cujus·
967 2684 989 2716 ‚,
1010 2635 1144 2722 potentis¹
1160 2633 1283 2695 consilio
1301 2633 1332 2699 in
1351 2634 1480 2710 eiusdem.
1500 2635 1575 2695 Petri
1598 2635 1733 2699 cathedra
1746 2681 1761 2711 ,

132 2794 161 2827 „
180 2764 309 2825 cumque
327 2732 509 2804 conditionis.
549 2727 710 2809 Dignitatis
728 2769 740 2800 ,
761 2722 929 2793 bellatus,
966 2764 988 2798 ,,
1012 2720 1073 2802 pari
1095 2714 1238 2795 potestate
1255 2710 1404 2791 sedemus,
1422 2711 1634 2796 semperfixum
1652 2715 1682 2777 in
1697 2717 1757 2778 ani·
1864 2729 1885 2752 e

134 2874 157 2906 „
182 2826 273 2893 etiam
297 2817 436 2902 speciali,
457 2815 488 2877 de
508 2775 705 2900 specialissima
725 2801 930 2943 notandifnis,
970 2845 994 2879 „
1017 2821 1066 2864 mo
1087 2796 1142 2860 suit
1163 2840 1171 2867 ,
1194 2813 1228 2858 ut
1249 2796 1377 2879 populus.
1392 2795 1567 2858 Cirtillianus
1587 2815 1651 2856 earn
1674 2795 1761 2860 secla-

135 2953 159 2986 „
183 2930 220 2971 ne
241 2900 385 2988 praediiias
406 2887 784 2977 opiniones,autaquuanr
806 2903 836 2965 tp
849 2900 934 2946 arum
971 2897 1090 2958 „retur
1111 2877 1242 2952 Fidem,
1273 2897 1340 2957 qua*
1363 2875 1516 2940 aChrillo
1548 2874 1681 2939 Domitm
1708 2896 1763 2958 per

136 3034 166 3068 υ-
184 2986 222 3051 ad
243 2984 361 3068 mem
375 2978 513 3042 diducam
528 3016 541 3035 ‘
971 3005 995 3039 tr
1016 2956 1174 3042 AP0st0i⁰³
1192 2954 1262 3021 f¹l⁰⁵
1277 2973 1436 3039 perpetua,
1451 2957 1654 3036 &numquam
1670 2956 1761 3019 inrer-

183 3112 210 3146 ‚,
225 3065 359 3129 Tandem
373 3104 389 3136 ,
417 3076 450 3121 ut
471 3055 507 3117 ab
528 3047 674 3124 iniuriosis
696 3041 937 3110 contentionibus
971 3063 1048 3120 „ru
1070 3057 1102 3102 ta
1122 3036 1277 3101 traditione
1287 3037 1439 3120 predicata
1449 3034 1522 3109 suit,
1544 3056 1690 3117 quamque
1702 3034 1764 3122 ipse

139 3194 167 3226 „
193 3147 353 3219 noenta,
369 3138 416 3204 seu
435 3133 602 3201 Scbolassici
624 3175 636 3207 ,
656 3146 708 3194 aut
727 3126 783 3190 alii
800 3125 933 3205 quicum·
971 3165 994 3199 „
1016 3140 1103 3201 uque
1123 3119 1159 3181 ad
1179 3118 1281 3180 Sauli
1298 3116 1582 3184 consummationem·
1596 3117 1761 3201 permansu-

119 3237 163 3306 '„
208 3250 242 3291 ue
263 3225 292 3287 in
315 3223 456 3306 polierum
478 3214 504 3279 se
526 3213 712 3284 abstineant,
735 3208 820 3298 &lut
840 3203 903 3286 paci
923 3244 939 3276 ,
969 3246 1001 3280 ‚,
1018 3220 1079 3264 ram
1101 3198 1158 3262 elie
1175 3197 1329 3277 promitit.

138 3355 162 3388 „
185 3250 219 3374 dr
239 3303 356 3372 caritati
374 3297 539 3364 consulatur
556 3338 570 3369 ,
589 3291 668 3354 idem
685 3283 881 3352 Sanilrllimus
900 3282 934 3343 in
1012 3325 1034 3359 ‚,
1055 3280 1131 3343 Cum
1155 3276 1164 3337 i
1186 3277 1244 3340 itur
1276 3276 1311 3339 ad
1333 3274 1542 3357 Apollolatum
1561 3279 1692 3342 noslrum
1718 3300 1762 3342 re·

139 3434 163 3468 „
188 3391 299 3454 virture
319 3382 425 3448 sanna
444 3374 623 3440 Obedientiae
643 3371 684 3434 eis
705 3366 867 3453 precipit,
897 3378 931 3424 ut
969 3407 998 3440 „
1014 3362 1108 3425 latum
1127 3356 1168 3420 sui
1230 3357 1762 3440 ,quendamMicbaelemdeMoll-
1831 3379 1834 3384 ·

137 3517 165 3548 „
187 3490 249 3534 tarn
269 3465 300 3526 in
322 3462 405 3525 libris
424 3453 649 3540 imprimendis,
666 3470 699 3513 ac
721 3442 936 3526 manuscriptis,
970 3487 993 3519 „
1014 3462 1072 3506 nos
1087 3459 1177 3523 prava
1196 3438 1364 3520 dogmata,
1385 3456 1449 3500 tum
1471 3438 1560 3503 verbo
1577 3484 1591 3515 ‚‚
1607 3457 1672 3502 tum
1695 3438 1762 3501 [αἱ.

137 3596 161 3627 „
186 3568 275 3631 quam
298 3530 845 3618 lnTlresrbus,disputacionibus,ac
863 3543 931 3606 prac-
971 3567 993 3600 ‚,
1014 3542 1067 3606 pro
1087 3519 1208 3583 docuisse
1228 3561 1237 3595 ,
1259 3519 1294 3581 δι
1312 3519 1342 3581 itt
1363 3518 1476 3601 pretim
1497 3519 1666 3592 dedente,
1715 3537 1762 3582 uae
1887 3533 1894 3548 ¹

137 3678 163 3710 „
186 3626 385 3693 dicationibus
398 3611 660 3687 caveantabomni
672 3606 807 3682 censura,
828 3607 865 3669 δι
881 3624 935 3667 no·
956 3615 994 3681 f„
1016 3617 1156 3688 practemu
1176 3598 1335 3664 Orationis.
1349 3597 1459 3681 qnietis
1479 3643 1492 3672 ,
1518 3618 1623 3663 contra
1656 3539 1760 3664 doiiri·

137 3756 162 3790 ‚‚
189 3730 243 3784 ta,
260 3729 316 3780 nec¹
334 3725 392 3767 nou
413 3725 432 3764 a
452 3695 678 3780 quibuscumque
699 3685 845 3760 conviciis
861 3705 930 3748 com
969 3728 995 3762 „
1013 3703 1080 3745 nam
1099 3726 1113 3758 ‚.
1137 3683 1172 3746 δι
1189 3677 1269 3742 usum
1293 3700 1312 3743 a
1336 3679 1448 3743 Sandis
1467 3679 1598 3743 Patribus
1628 3681 1670 3743 ab
1695 3679 1765 3758 ipdc

138 3837 167 3870 ‚,
189 3812 238 3857 rra
254 3810 307 3852 eas.
322 3783 528 3869 propositiones
551 3794 649 3856 ,quac
665 3771 758 3834 adhuc
779 3770 854 3831 inter
874 3766 932 3826 Ca·
970 3761 1159 3842 „nascentis
1176 3759 1307 3824 Ecclefia
1326 3759 1493 3840 primordiis
1513 3776 1659 3854 receptum
1681 3803 1691 3834 ,
1713 3758 1761 3819 Fi·

137 3917 165 3951 ,‚
189 3870 314 3935 tlrolicos
334 3866 401 3928 binc
422 3862 486 3924 inde
505 3869 781 3920 controvertmtut,
803 3850 893 3910 donec
914 3865 937 3905 a
971 3886 992 3920 „
1013 3843 1127 3908 delesa
1146 3862 1215 3907 vera
1235 3840 1406 3923 Religione,
1426 3840 1458 3902 dr
1477 3860 1496 3901 a
1513 3839 1680 3906 Christiana
1701 3839 1764 3920 pie.

139 3997 166 4030 „
191 3952 221 4014 S.
241 3951 311 4012 Sede
333 3944 485 4023 recognita
506 3938 586 4018 super
607 3932 705 3997 iisdem
729 3925 932 4011 propositioni·
972 3967 999 4001 „
1015 3925 1090 3987 tatis.
1106 3923 1234 4003 puritate
1252 3920 1281 3981 in
1304 3921 1451 3982 maximos
1468 3939 1577 3982 errores
1597 3956 1612 3995 ,ι
1639 3920 1670 3982 &
1701 3937 1776 3982 ruo·

140 4078 166 4110 ῃ
191 4034 242 4096 bus
262 4026 408 4100 iudicium
430 4018 610 4106 proseratur.
971 4047 992 4081 „
1015 4002 1132 4087 pissone
1147 4022 1266 4084 quaque
1286 4001 1459 4063 inducebant
1478 4021 1488 4071 ς
1508 4000 1579 4062 Noc
1596 4043 1605 4074 ,
1625 3999 1675 4080 qni
1697 4016 1761 4061 cor·

73 4118 121 4179 16
188 4110 350 4188 Conflirmio
371 4103 524 4166 innocentii·
542 4099 597 4159 ΧΓ.
613 4090 805 4177 proscribente}
823 4085 939 4152 osio&
972 4129 994 4163 „
1017 4087 1047 4147 di
1069 4081 1180 4163 semper
1199 4080 1284 4155 suit,
1316 4097 1350 4145 ut
1371 4079 1516 4142 fidelium
1538 4078 1642 4142 anima
1663 4078 1764 4142 Nobis

140 4196 292 4276 [energima
314 4186 433 4266 Thesea,
455 4203 514 4264 que
529 4193 661 4261 pretextu
681 4172 828 4236 Orationis
845 4172 934 4255 Quies
975 4210 1002 4244 „,
1020 4187 1058 4232 ert
1077 4165 1139 4227 alto
1160 4159 1348 4237 commissa,
1378 4161 1511 4243 purgatis
1527 4178 1683 4241 pravarum.
1699 4158 1763 4238 opi.

143 4280 192 4341 tir
209 4299 231 4342 a
247 4267 384 4338 ddichatle
403 4265 437 4330 dr
458 4253 782 4327 autumationes.
977 4290 1003 4323 „.
1020 4246 1145 4312 nionrrm
1163 4241 1338 4317 erroribus,
1368 4240 1406 4304 ad
1425 4257 1557 4322 optatum
1580 4238 1677 4303 salutis
1696 4256 1763 4320 por·

342 4357 345 4366 ’
591 4401 627 4412 -
976 4369 1002 4403 ss
1019 4344 1086 4389 tum
1105 4340 1174 4386 tuto
1191 4321 1342 4403 pervenire
1358 4319 1469 4405 possint
1489 4367 1500 4397 ‚,
1530 4319 1675 4401 legitimis
1692 4336 1761 4398 prae·

976 4449 998 4482 n
1020 4404 1187 4469 cedentibus
1202 4402 1338 4479 indiciis,
1356 4400 1519 4485 prodicium
1540 4399 1709 4464 Michaedem
1727 4393 1768 4459 de

981 4530 1009 4568 η
1026 4488 1145 4554 nolim
1165 4484 1326 4550 carceribus
1350 4482 1510 4567 mancipati
1538 4477 1741 4619 mandabimus
1755 4516 1769 4539 .

1596 4604 1621 4638 re
1669 4576 1732 4621 ἕω·
