4009 5267
303 56 392 174 με
652 45 1096 138 uuouosmouus
1126 43 1464 134 nantuacus

243 174 329 238 lierio
349 160 510 230 Sacerdotis
530 158 732 240 absolventis,
755 164 800 229 sed
821 184 839 226 a
860 162 922 228 solo
945 163 1035 242 Deo,
1116 159 1524 242 instauramentum
1555 154 1762 226 immunitior
1780 156 1813 228 iu
1830 182 1871 232 eo

267 253 294 312 ui
318 245 525 312 Poenitentiam
547 243 695 326 suggerens
717 286 725 319 ‚
748 246 779 306 br
800 242 940 326 inspirans
959 246 1036 312 virri-
1077 242 1156 325 quod
1176 240 1326 303 necessario
1345 240 1433 303 facit.
1675 325 1680 330 ,

287 339 289 341 ·
333 349 398 394 eum
418 371 427 402 ,
449 327 481 389 δι
502 322 667 400 resuscitat,
691 324 850 389 miniileriu
870 343 968 390 autem
990 329 1037 391 Sa·
1083 343 1087 352 ’
1120 323 1168 385 68.
1191 320 1350 384 infidelitas
1369 341 1438 404 pure
1458 323 1593 404 negative
1611 322 1642 386 in
1661 320 1735 400 irit',
1757 322 1788 387 iu
1807 328 1875 410 qni.

243 411 369 476 cmdotis
390 407 484 472 solum
502 424 596 472 rusus
620 406 754 470 tollitur.
1079 404 1131 467 bus
1151 400 1282 466 Cittillus
1298 423 1357 467 nun
1376 403 1415 465 est
1434 405 1621 484 predicatus,
1641 421 1795 484 percnum
1814 411 1875 474 eil.

289 513 339 572 59,
361 489 486 565 Quendu
508 507 558 569 per
578 485 787 569 eleemosynas,
810 484 926 570 aliaque
946 487 1039 572 prmi-
1120 487 1169 564 69.
1191 482 1364 557 Juniirarto
1382 484 1467 566 impii
1488 482 1523 546 iic
1542 484 1704 551 formaliter
1724 503 1778 570 per
1806 491 1876 554 obe.

245 574 344 635 teurla
363 590 452 654 opera
473 568 536 632 Deo
558 567 745 631 satisfacimus
767 587 820 651 pro
851 571 945 652 poenis
965 587 1039 633 tem·
1079 565 1217 629 diensium
1230 566 1332 646 Legit,
1353 583 1415 627 non
1435 582 1531 629 autem
1554 583 1606 647 per
1623 567 1770 631 occultant
1793 591 1875 635 com-

246 653 392 737 poralibus
411 696 422 724 ,
443 669 502 712 non
523 649 642 732 dignum
665 650 791 731 pretium
815 648 878 715 Deo
899 669 953 734 pru
973 667 1039 733 pec·
1082 646 1310 711 muniminum
1331 689 1339 722 ,
1363 645 1632 728 &inspirationem
1654 647 1740 711 Grat'
1766 654 1884 734 ςῆῑῖ

248 736 324 798 cetis
343 732 444 796 nolitis
462 727 641 805 offerimus,
672 732 742 792 sicut
763 731 881 811 quidam
916 749 1042 796 errantes
1081 748 1217 811 peream
1239 725 1405 801 julliiicarus
1428 724 1497 790 facit
1520 727 1640 809 impiere
1663 728 1704 791 Le
1726 751 1794 796 .ut.

246 830 400 879 autumant
420 814 437 891 (
459 832 526 872 nam
548 811 659 891 alioqui
680 812 798 874 essemus
818 811 916 876 saitem
939 814 1036 893 aliqua
1118 829 1167 888 70.
1191 809 1294 871 Homo
1315 807 1434 871 existens
1455 809 1482 867 in
1506 807 1792 890 praetentandi,
1818 813 1874 880 sive

246 916 283 959 er
303 911 385 979 parte
415 892 644 1032 redemptores)
667 890 711 956 sed
741 893 850 975 aliquid
885 894 1036 969 iacimus,
1080 889 1111 951 in
1134 905 1214 953 reatu
1231 905 1344 983 attona
1364 888 1563 983 damnationis
1585 891 1677 985 porro
1698 891 1802 956 bebere
1822 917 1872 962 ve·

215 979 326 1088 sajus
355 974 464 1035 intuitu
485 974 511 1034 C
535 972 771 1037 riliiiatissaiiio
800 974 1036 1058 nobis-applica·
1077 989 1139 1031 tam
1170 970 1361 1045 Caritatem,
1402 969 1433 1032 δι
1462 969 1578 1032 Cantas
1620 988 1710 1033 ettam
1750 973 1874 1055 perfetta
1974 1030 1978 1036 ,

244 1072 312 1130 tur,
335 1054 365 1115 tr
385 1054 639 1117 communicatur.
1082 1051 1175 1131 potest
1195 1050 1340 1112 cunsrsiere
1373 1069 1441 1112 curu
1463 1061 1545 1113 reatu
1566 1064 1677 1113 aetmuae
1709 1052 1873 1120 mornatio·

287 1139 335 1197 6ο.
358 1134 412 1196 Pet
433 1131 572 1216 passiones
593 1135 761 1198 Saniiurum
795 1135 824 1195 in
846 1135 1041 1216 Indulgentiis
1066 1133 1146 1220 piu.
1414 1164 1417 1170 ·

245 1214 476 1279 communicares
506 1236 563 1277 non
594 1215 710 1299 proprie
740 1215 918 1279 redimuntur
947 1217 1049 1295 nullia
1122 1233 1172 1290 71.
1195 1211 1249 1275 Per
1269 1209 1504 1287 mneritionem,
1539 1211 1717 1276 etiamtum
1740 1216 1871 1285 Caritate

247 1296 376 1369 deliiia,
400 1292 444 1360 sed
466 1314 516 1377 per
535 1297 772 1360 communionem
794 1296 935 1358 Caritatis
956 1294 1040 1358 nobis
1079 1292 1221 1376 perfetta,
1242 1294 1273 1355 ἃ
1292 1312 1359 1354 cum
1381 1311 1454 1356 roto
1475 1290 1642 1375 suscipiendi
1653 1296 1873 1363 Sacramentum

247 1397 348 1441 eurum
370 1375 509 1458 passiones
530 1375 767 1457 impertiamur,
798 1379 829 1438 dc
850 1396 882 1438 ur
903 1375 982 1455 digni
1006 1377 1040 1437 sr·
1080 1373 1261 1448 conjunctam
1279 1416 1289 1449 ,
1320 1393 1378 1460 uun
1398 1373 1694 1452 remittiturctimen
1724 1396 1808 1442 extra
1826 1400 1872 1444 ca·

246 1479 331 1534 mus,
353 1457 404 1548 qui
426 1458 520 1537 pretio
539 1457 690 1537 Sanguinis
711 1457 818 1520 Cbrllli
838 1460 963 1541 sptenis
983 1475 1038 1539 pto
1083 1451 1378 1527 sunanueffiraris,
1421 1467 1472 1518 alit
1502 1455 1645 1538 niarryrii
1677 1457 1734 1523 stne
1767 1459 1872 1538 asinali

123 1587 128 1598 ,
247 1539 371 1623 peccaris
386 1537 490 1598 debitis
518 1536 692 1601 liberemur.
1083 1532 1260 1615 susceptione
1278 1535 1476 1597 sacramenti.

288 1624 337 1681 dr.
359 1617 496 1701 Celebris
509 1616 561 1680 iila
583 1618 741 1680 Doilurum
763 1619 931 1695 distinam,
953 1616 1038 1682 Divi·
1120 1634 1170 1710 72·
1190 1613 1301 1677 Omnes
1319 1614 1442 1677 omnino
1462 1615 1608 1687 iustorum
1629 1616 1874 1688 aliiiilieoessuut

246 1719 290 1772 nae
323 1699 409 1777 Legit
439 1699 577 1762 mandate
607 1698 738 1762 bifariam
773 1699 914 1781 impleti,
944 1699 1038 1761 altero
1078 1695 1205 1758 ultroneo
1225 1713 1408 1779 peccatorum
1430 1696 1593 1776 ipsorum.
1625 1700 1712 1764 Unde
1732 1703 1762 1765 &
1783 1705 1869 1780 lob,

245 1781 336 1842 modo
357 1795 499 1860 quamtum
531 1780 566 1842 ad
600 1797 808 1862 praceptorum
830 1800 948 1862 operum
974 1777 1034 1840 sub·
1077 1778 1108 1839 δι
1129 1776 1296 1856 Martyres,
1318 1796 1381 1858 qua
1402 1775 1589 1860 pertisum,
1612 1799 1872 1866 propterpeccata

245 1859 379 1923 siantiam
401 1874 515 1921 tanturn
535 1889 553 1937 ,r
583 1863 837 1939 alteru-quantum
868 1861 907 1922 ad
924 1877 1036 1923 certum
1078 1856 1127 1920 sua
1148 1855 1218 1941 paffi
1237 1856 1322 1920 sunt.

244 1940 405 2022 quondam>
429 1940 548 2004 morisim
562 1986 578 2017 ,
610 1940 744 2005 videlicet
775 1940 924 2004 secundum
946 1961 1033 2020 quem
1116 1959 1167 2019 73.
1190 1938 1308 2009 Neruo,
1330 1949 1430 2021 pretet
1439 1937 1606 2018 cirillum,
1629 1936 1783 2026 ellabllpua
1800 1964 1865 2029 pec.

244 2022 362 2085 valeant
382 2039 549 2102 operantem
572 2021 724 2104 perducere
745 2022 780 2083 ad
803 2039 920 2102 regnum
944 2025 958 2101 (
980 2022 1036 2084 boc
1076 2038 1143 2082 cato
1161 2018 1325 2102 Originaii3
1351 2018 1418 2081 irinc
1442 2021 1578 2103 &Virgo
1600 2043 1718 2087 mortua
1738 2026 1776 2089 eil
1795 2048 1866 2109 pro.

245 2102 340 2168 est'ud
361 2101 479 2164 modum
501 2103 683 2167 meritorium
703 2103 725 2182 >1
741 2103 947 2167 commentitia
961 2103 1033 2177 eil,
1076 2117 1141 2183 pter
1163 2117 1312 2181 peccatum
1334 2119 1369 2163 etr
1393 2102 1489 2163 Adam
1509 2105 1714 2181 contraitum,
1747 2108 1861 2169 omnes-

245 2182 277 2245 &
298 2183 492 2264 explodenda.
1074 2200 1131 2262 que
1152 2185 1211 2253 eius
1233 2178 1402 2243 asiiiiiiorres
1423 2182 1452 2242 in
1475 2180 1527 2242 irac
1547 2184 1627 2260 uita,
1651 2187 1720 2249 licut
1741 2187 1857 2252 &aiio-

193 2341 202 2346 ,
283 2267 332 2324 da.
358 2262 412 2323 illa
433 2275 551 2344 quoque
569 2263 711 2326 diliinsiio
730 2284 817 2346 ,qua
837 2281 910 2348 opus
930 2263 1036 2325 dicitur
1070 2281 1140 2324 runt
1161 2262 1303 2333 luliarum
1319 2303 1333 2335 ·,
1365 2260 1477 2326 suerunt
1498 2260 1619 2326 ultiones
1639 2264 1747 2346 peccati
1767 2268 1858 2333 asina·

179 2344 190 2348 ’
243 2340 377 2406 bifariam
400 2342 528 2416 bonurn,
549 2345 876 2423 velquiaetobieilo,
899 2344 1034 2406 &omm-
1076 2343 1130 2417 iis,
1151 2340 1198 2404 vel
1220 2341 1389 2424 originalis.

243 2421 302 2487 bus
316 2423 538 2488 circumstantiis
557 2425 665 2487 realium
687 2426 741 2501 eii,
764 2426 916 2489 &bonum
933 2423 1034 2505 (quoti
1116 2437 1165 2500 7a·
1181 2421 1429 2507 'Concupiscentia
1450 2422 1480 2485 in
1503 2423 1610 2487 renatis
1630 2423 1745 2507 reiapfis
1758 2425 1787 2487 in
1801 2429 1864 2509 pe'e.

243 2503 397 2568 moraliter
418 2504 526 2567 bonum
548 2506 691 2588 appellare
720 2505 929 2569 consueverunt
951 2507 965 2583 )
987 2502 1034 2568 vri
1075 2519 1179 2565 catum
1207 2505 1357 2581 mortale,
1391 2505 1545 2586 inquibus
1578 2508 1637 2580 jem
1669 2508 1865 2584 dominatur,

285 2583 314 2646 ia
344 2585 382 2647 est
413 2586 595 2649 meritorium
617 2586 711 2668 Regni
742 2587 869 2656 aterni,
902 2607 937 2649 eu
957 2582 1036 2662 Quod
1072 2604 1226 2669 peccatum
1249 2586 1304 2661 eli,
1327 2586 1395 2647 ficut
1414 2584 1512 2647 &aiii
1533 2587 1648 2650 babitus
1666 2587 1770 2665 prati.

242 2604 315 2727 isa
337 2665 407 2728 vivo
429 2666 534 2729 Chrilli
557 2671 688 2731 membro
719 2687 769 2751 per
791 2667 930 2751 Spiritum
951 2667 1035 2728 Cari·
1117 2686 1167 2809 73.
1189 2665 1295 2728 Mutus
1317 2665 1399 2747 pravi
1412 2664 1646 2747 concupiscentia
1668 2666 1732 2729 suut
1742 2688 1794 2750 pru
1814 2667 1866 2730 iia·

243 2746 335 2822 tatis,
358 2746 510 2817 rejicienda
530 2749 590 2810 eii.
1075 2764 1110 2810 tu
1161 2747 1268 2809 ominis
1296 2747 1396 2809 viriati
1425 2748 1566 2828 prohibiti
1600 2765 1769 2830 precepto,
1803 2753 1866 2812 Nun

283 2830 332 2908 63.
362 2828 415 2888 Sed
453 2827 484 2889 br
525 2829 576 2889 iila
609 2826 754 2893 diilindlio
793 2828 918 2911 dupiicia
958 2827 1035 2903 julii·
1077 2827 1378 2911 concapr'sthnde
1399 2827 1489 2890 bomo
1510 2848 1560 2893 eos
1579 2826 1705 2892 sentiens
1723 2873 1733 2901 ,
1751 2831 1785 2890 ’ἃ
1807 2849 1866 2892 nun

242 2906 318 2979 tiae,
350 2905 495 2982 alterius,
531 2928 594 2989 quae
623 2908 657 2973 fir
687 2909 896 2991 perspiritum
913 2908 1032 2971 Carita-
1074 2907 1278 2981 cunsenriens,
1300 2907 1505 2990 transgreditur
1526 2925 1699 2991 preceptum
1722 2914 1783 2972 Noa
1805 2933 1865 2971 con·

241 2987 280 3049 tls
304 2985 553 3065 inhabitantem,
586 2989 734 3064 alterius,
765 3008 827 3069 quar
855 2990 888 3053 fic
921 3011 958 3052 etr
988 2990 1032 3050 in·
1072 2992 1213 3071 cupiscas,
1233 2990 1368 3071 quamvis
1385 2988 1562 3070 transgressio
1582 2989 1611 3052 in
1632 3007 1784 3073 peccatum
1806 3011 1864 3054 nun

241 3064 396 3147 spiratione
418 3068 534 3148 quidem
555 3072 679 3154 Spiritus
699 3070 793 3132 Sandli
823 3091 873 3134 cur
904 3071 939 3132 ad
972 3090 1032 3150 pru·
1074 3070 1245 3152 deputetur„
1344 3081 1363 3114 ·.

243 3148 396 3209 nitentium
419 3151 573 3214 excitantis
595 3194 605 3226 ,
635 3151 680 3213 sed
700 3151 828 3212 nundum
850 3169 900 3213 cor
920 3150 1032 3212 irritabi·
1113 3155 1163 3230 76.
1183 3151 1318 3226 Quamdiu
1347 3150 1457 3232 aliquid
1479 3151 1715 3233 eoncupiscentia
1743 3151 1868 3216 carnaiis

198 3239 199 3244 ’
241 3227 361 3302 tantis,
391 3228 420 3288 tr
442 3228 471 3289 in
494 3249 529 3292 co
550 3231 711 3296 camaram
733 3230 949 3304 diffundentis,
971 3252 1029 3311 qua
1071 3231 1101 3293 in
1123 3231 1259 3313 diligente
1280 3234 1340 3308 esi,
1363 3253 1419 3295 non
1443 3231 1512 3294 facit
1534 3250 1729 3316 preceptum,
1753 3235 1867 3315 Diliges

235 3306 356 3369 'urina
388 3307 459 3389 legis
489 3312 654 3382 justificaris
684 3311 864 3395 impleatur,
897 3310 1030 3376 imiliter
1070 3315 1160 3374 Deum
1181 3336 1308 3374 tutemet
1326 3312 1475 3374 totocorde
1496 3331 1560 3374 tun.

240 3388 388 3466 rpjicitur.
408 3416 412 3418 >
1114 3413 1163 3470 77.
1187 3392 1397 3457 Satissasiiunes
1410 3392 1555 3457 laboriosa
1568 3393 1582 3465 J
1587 3394 1791 3458 uililicatorum
1802 3415 1865 3457 nun

279 3472 328 3544 64.
353 3471 429 3532 Item
459 3470 491 3533 ἃ
511 3469 564 3535 iiia
584 3473 727 3535 diliinslio
747 3474 869 3555 duplicis
900 3472 1031 3537 vivirica-
1069 3473 1171 3537 valent
1193 3475 1308 3555 expiare
1328 3475 1363 3536 de
1392 3475 1536 3556 condigno
1565 3491 1681 3556 poenam
1717 3494 1867 3559 tempure·

238 3546 504 3648 tionis,·aiterius,
527 3553 771 3648 quaqviulficetur
784 3572 938 3635 peccator,
956 3556 1027 3616 dum
1065 3555 1128 3618 iem
1150 3556 1299 3619 restantem
1320 3557 1381 3649 poll
1401 3557 1517 3652 cuipam
1536 3556 1790 3652 conditionatum.

210 3648 466 3795 attilii?
479 3633 1028 3795 renitentissimi
1068 3635 1394 3790 addititii?
1412 3638 1784 3782 ditissimis.
1800 3652 1867 3700 “²²

237 3807 296 3868 qua
316 3792 514 3870 vivificatur,
535 3798 585 3876 qui
607 3817 673 3859 vere
692 3796 861 3868 iuliisrcarur
881 3831 892 3868 ς
913 3797 944 3858 δι
966 3797 1025 3876 pai·
1109 3816 1159 3874 79.
1183 3797 1266 3861 Falsa
1297 3799 1336 3860 ell
1369 3798 1528 3863 nodorum
1557 3797 1699 3862 sententia
1729 3800 1863 3883 primum

239 3889 300 3933 ates
328 3873 414 3935 vivus
445 3873 474 3933 in
504 3875 566 3938 vite
588 3876 710 3939 ‘Citrlilo
740 3875 889 3949 efficitur,
921 3878 1029 3956 pariter
1065 3878 1230 3943 Hominem
1263 3877 1382 3958 putuisse
1412 3879 1514 3945 aDeo
1534 3880 1654 3956 cteari,
1685 3881 1716 3943 dc
1747 3880 1863 3944 iniiitui

236 3953 442 4018 commentitia
473 3953 541 4032 eil,
572 3954 778 4039 &Scripturis
809 3959 931 4020 minime
958 3977 1027 4021 con·
1071 3961 1126 4021 srne
1144 3959 1419 4031 Juslirianaturaii.

273 4054 361 4096 urus.

236 4052 328 4192 grip
350 4113 476 4178 Nonnisi
496 4115 650 4198 pelagiano
670 4139 765 4183 errore
795 4120 912 4181 admitti
934 4118 1028 4201 potest
1111 4119 1271 4186 Dannratio
1293 4121 1498 4205 propositionis
1528 4124 1724 4206 permittentis
1743 4122 1864 4188 Conses·
1888 4139 1903 4202 ς

235 4191 300 4256 usus
320 4192 425 4276 aliquis
447 4193 529 4259 liberi
550 4198 662 4261 arbitrii
685 4200 794 4272 bonus,
819 4201 942 4263 stvenott
966 4221 1026 4262 ma·
1068 4200 1204 4274 fioneni,
1236 4204 1496 4268 &absolutionem
1521 4227 1572 4285 per
1594 4205 1780 4288 Episiolam,
1814 4225 1869 4268 aue

234 4269 279 4336 lus
300 4318 309 4346 ,
331 4275 363 4337 br
383 4276 483 4357 gratia
506 4279 612 4341 Cirriili
634 4280 769 4353 injuriam
792 4278 862 4344 facit
880 4324 889 4357 ,
910 4281 961 4363 qui
983 4281 1026 4343 ira
1066 4299 1117 4363 per
1140 4284 1379 4354 internuntium,
1400 4283 1473 4348 freta
1493 4306 1511 4346 a
1532 4288 1684 4350 Clemente
1704 4288 1797 4350 Vlii.
1819 4289 1870 4347 dr‘e

105 4392 108 4400 ,
234 4352 341 4431 sentit,
362 4355 393 4419 ἃ
415 4359 519 4422 docet,
1072 4383 1119 4422 ιο.
1134 4367 1213 4443 Juiir‘
1236 4370 1322 4426 1602.
1345 4366 1503 4428 Conssitut.
1532 4367 1582 4444 87.
1607 4369 1694 4450 incip.
1719 4367 1866 4448 Saendlrffl

273 4437 322 4497 66.
346 4437 415 4502 Soia
434 4437 578 4506 vioientia
600 4457 740 4523 repugnat
754 4441 883 4509 libertati
897 4441 1027 4507 huminis
1068 4465 1155 4521 mus,
1187 4446 1217 4506 or
1236 4445 1376 4528 reperitur
1398 4447 1427 4507 in
1451 4445 1578 4513 bullario
1599 4448 1761 4513 cherubini
1783 4468 1808 4512 t.
1832 4473 1865 4532 3.

231 4516 376 4581 natanti.
815 4617 824 4621 η
891 4609 895 4622 ,
1059 4526 1114 4601 fal.
1140 4547 1205 4608 ¹3²·
1227 4544 1259 4590 ut
1280 4526 1370 4590 iustu.
1828 4558 1836 4574 ·

1684 4649 1688 4656 ·
1744 4617 1816 4679 San·
