4009 5267
545 4 987 92 PROPOSITIONES
1022 4 1358 95 onimium:
1394 15 1396 19 ·
1600 32 1688 142 44,

125 127 178 211 'per
197 117 350 186 discursum
370 112 510 181 amilium
532 115 622 193 serre,
646 118 675 181 bt
697 120 912 201 percogitatio·
954 117 1033 182 viam
1054 118 1196 196 internam
1221 121 1354 193 incedit,
1389 136 1451 189 tam
1473 128 1504 193 iii
1527 132 1597 200 sotir
1626 141 1741 225 suerii,

125 223 205 275 nee,
234 204 349 281 quando
369 198 446 263 Deus
478 200 605 261 animam
638 219 695 260 nun
727 199 912 281 alloquitur,
953 215 1041 280 quem
1063 198 1208 262 indiebus
1228 200 1421 267 solemnibus.

126 283 371 428 siritii·
394 279 469 420 lii
488 278 800 437 turullius
816 285 914 424 nl:
953 279 1529 442 ..illiriumfritilli
1551 293 1659 433 ru
1680 305 1740 385 ⁶⁰·

126 462 288 540 operatur,
319 379 434 519 qubido
462 403 522 502 irr’ec
552 440 606 502 suis
640 440 834 515 discursibus,
865 462 912 504 co·
996 462 1044 517 ²9·
1070 441 1148 503 Dum
1167 384 1409 508 nrrmapinierua
1430 393 1689 521 fasliditpdiiiiiisbi
1705 464 1740 530 de

126 520 344 603 girationibua,
365 520 629 603 &operationibus
649 540 716 585 eum
738 542 795 584 non
820 521 911 605 impe·
953 520 1047 598 Deo,
1068 522 1098 582 dc
1120 519 1248 597 virtute,
1271 524 1300 583 di
1321 524 1425 607 frigida
1445 549 1595 610 remanet,
1627 539 1744 607 nullum

126 605 189 666 dit.
955 602 984 662 in
1006 600 1033 664 se
1055 600 1115 685 ipsa
1135 599 1257 666 sentient
1285 603 1456 685 servorem,
1490 612 1598 677 bonunr
1631 617 1743 700 fignum

165 702 212 742 er.
238 679 273 741 ln
296 677 563 764 orationeopuresl
585 703 698 745 manere
719 682 748 744 in
771 681 843 745 Pide
863 682 913 744 ob
954 682 1012 745 est.

123 759 222 831 scura,
246 760 449 824 &universali
470 782 537 823 cum
560 764 657 840 quiete
679 807 688 834 ,
711 765 740 825 bt
761 762 912 824 oblivione
995 784 1043 840 30.
1064 761 1177 824 Totum
1201 759 1343 839 sensibile,
1365 769 1443 845 quod
1464 774 1629 854 experimur
1649 778 1679 840 in
1698 781 1743 845 vi.

122 839 327 916 cuiuscumque
346 843 534 919 cogitationis
555 842 751 924 particularis,
774 843 911 904 acdislin·
953 859 985 904 ta
1008 841 1179 922 spirituaii,
1209 844 1245 904 esi
1266 846 1488 929 abominabile,
1519 852 1681 935 spurcum.
1711 864 1743 928 dt

123 922 174 984 ἂι
198 921 418 984 Attributorum
442 922 522 995 Dei,
553 944 586 987 ac
606 923 763 984 Trinitatis
786 967 795 996 ,
825 925 855 985 bi
877 923 912 985 sic
954 923 1161 984 immundum.

123 1001 155 1064 in
178 1000 234 1065 Dei
256 998 402 1083 prasentia
423 1022 535 1066 manere
555 1005 592 1063 ad
613 1002 682 1064 illud
704 1004 910 1079 adorandum,
994 1023 1044 1083 3¹·
1067 1001 1175 1064 Nullus
1196 1002 1383 1069 meditationi
1413 1031 1495 1074 verae
1515 1013 1638 1081 virtuter
1666 1044 1744 1088 exer.

123 1082 156 1147 ἅ
177 1086 358 1158 amandum,
382 1082 464 1163 eique
485 1081 724 1158 inserviendum,
748 1081 791 1146 sed
812 1083 915 1163 absque
957 1100 1005 1143 ret
1027 1084 1152 1145 internas
1172 1125 1183 1155 ,
1205 1103 1267 1162 quae
1290 1106 1346 1145 non
1368 1088 1511 1153 debente
1543 1095 1663 1163 senfibui
1695 1123 1744 1168 co·

123 1163 315 1248 produtiione
335 1161 471 1237 aduum3
490 1163 560 1246 quia
580 1165 654 1227 Deua
675 1164 704 1226 in
725 1162 771 1226 bis
790 1163 840 1227 fibi
855 1183 913 1227 non
955 1161 1053 1245 gnosci
1065 1207 1074 1223 .
1086 1164 1178 1242 ⁴Opus
1198 1164 1236 1225 ell
1256 1164 1392 1231 amittere
1415 1172 1554 1235 virtuter.

123 1243 311 1326 complacet.
408 1261 411 1266 ’
998 1264 1045 1319 ³²·
1068 1243 1133 1304 ΝΕ(
1155 1262 1243 1318 mter
1265 1266 1316 1309 nec
1338 1249 1402 1327 pusi
1416 1251 1666 1321 Comnmuiunem
1689 1262 1747 1328 alia

170 1343 220 1385 ee.
242 1321 384 1406 Cogniiio
414 1321 475 1388 baec
504 1324 677 1408 persidem
698 1344 756 1386 non
778 1321 915 1388 etesius
954 1323 1110 1417 requiritur
1130 1325 1320 1403 preparatio,
1341 1345 1392 1391 aut
1412 1332 1746 1419 gratiarumasliospro

124 1423 296 1469 acreaiura
319 1404 498 1487 produsiue,
528 1405 572 1470 sed
594 1407 632 1470 esl
652 1407 784 1546 copritio
814 1405 916 1467 aDeo
957 1403 1016 1496 illis
1048 1402 1212 1496 Animabus
1239 1405 1400 1498 internis)
1429 1431 1517 1490 quani
1547 1423 1748 1497 permanentia
1765 1450 1790 1463 ··

121 1505 263 1549 creatura
285 1486 407 1560 tradita,
428 1507 517 1564 quam
538 1504 666 1550 creatura
698 1486 837 1550 eliabere
857 1505 914 1545 non
957 1503 987 1542 in
1010 1481 1096 1544 solita
1117 1485 1306 1563 resignatione
1326 1488 1464 1567 passive,
1488 1496 1557 1571 quia
1577 1500 1666 1562 modo
1687 1521 1748 1584 per.

120 1565 299 1648 cognoscit,
336 1588 387 1632 nec
409 1568 504 1646 possea
531 1565 679 1651 cognoscit
710 1566 791 1629 illam
820 1563 849 1629 se
869 1565 917 1627 ba·
957 1560 1111 1625 leuiores
1146 1566 1208 1644 ples
1225 1569 1416 1631 omnesasius
1438 1573 1599 1653 virtutum,
1622 1580 1748 1662 quipus·

121 1646 232 1723 buisle,
253 1650 284 1710 dt
306 1649 381 1712 idem
403 1648 510 1714 dicitur
530 1652 566 1712 de
586 1670 706 1712 amore·
959 1640 1042 1714 sum,
1065 1643 1095 1704 ἃ
1139 1662 1190 1706 ⁰¹³¹
1211 1645 1247 1739 5¹¹,
1263 1648 1313 1708 Vsa
1332 1650 1498 1724 θῐᾶῐΰίῐῖόί
1523 1656 1563 1719 Et
1585 1660 1604 1719 si
1624 1660 1679 1722 hac
1698 1684 1747 1726 oe·

166 1750 218 1803 2³·
242 1729 364 1808 Mpslici
386 1750 452 1792 cum
475 1730 503 1792 S.
517 1730 659 1795 bernardo
680 1729 709 1790 in
729 1728 811 1792 Scala
830 1724 917 1790 Clau·
958 1723 1068 1785 casione
1090 1725 1314 1787 Communionir
1344 1726 1420 1790 insui
1443 1751 1494 1795 unt
1524 1756 1621 1800 motus
1651 1739 1748 1806 bumi.

121 1807 255 1872 siralium
277 1810 455 1905 distinguunt
482 1829 607 1891 quatuor
635 1808 775 1881 Gradus,
808 1808 918 1869 Lenio-
959 1804 1090 1865 liariouis
1109 1846 1118 1877 ,
1140 1823 1190 1898 Ιαιιῐ
1209 1806 1368 1900 gratiarum
1391 1752 1543 1890 ursionis,
1575 1820 1748 1900 reprimendi

124 1909 215 1961 nem,
238 1892 267 1951 δι
290 1891 517 1951 Meditarionem
536 1935 545 1966 ,
565 1892 737 1951 Orationem
757 1932 767 1963 ,
788 1888 819 1951 bt
839 1887 919 1949 eun·
958 1879 1046 1957 sunt,
1066 1899 1180 1961 quoties
1200 1906 1257 1944 non
1279 1886 1461 1963 dignoscatur
1481 1913 1530 1954 eos
1551 1895 1603 1960 esse
1631 1922 1668 1965 ea
1691 1904 1745 1965 ini·

123 1968 351 2050 templaiinnem
376 1963 525 2037 infusam3
556 1971 614 2044 Qui
639 1967 747 2047 semper
769 1967 797 2025 in
820 1968 939 2047 primo,
958 1963 1040 2046 pulsu
1063 1963 1178 2045 speciali
1202 1964 1256 2026 Dei
1276 1986 1285 2036 ;
1306 1964 1376 2030 alsat
1396 1965 1460 2033 sunt
1482 1971 1620 2057 impulsui
1639 2000 1748 2047 nerum

123 2049 224 2116 filiii,
257 2066 413 2123 numquam
436 2050 470 2107 ad
493 2044 641 2109 secundum
666 2046 813 2126 pertransit
836 2067 845 2115 ς
865 2043 918 2122 qui
958 2045 1085 2106 noudum
1110 2062 1249 2106 mortuae.

124 2125 238 2206 semper
270 2127 298 2185 in
322 2125 444 2187 secundo
465 2126 592 2219 -perdslit
623 2145 769 2205 nunquam
803 2123 838 2184 ad
860 2142 915 2184 ter·
999 2145 1047 2204 33.
1071 2122 1155 2187 Male
1185 2126 1247 2204 agit
1269 2126 1409 2202 Anima,
1439 2149 1503 2211 quae
1534 2140 1663 2211 peooedie
1731 2163 1747 2207 t

122 2205 394 2285 tiumperuenit,
427 2225 478 2287 qui
510 2205 546 2267 esl
575 2207 668 2267 uolira
697 2203 918 2285 Contemplatio
958 2201 1033 2266 lianc
1055 2203 1134 2268 viam
1158 2205 1328 2285 inrepiam,
1363 2207 1432 2271 siin
1454 2212 1552 2279 diebus
1574 2216 1694 2284 solemni
1716 2244 1749 2291 ue

121 2285 292 2365 acquisita,
327 2287 356 2344 in
379 2304 436 2363 qua
459 2305 507 2364 per
538 2303 631 2348 totam
661 2283 755 2348 viram
778 2284 917 2364 persillen·
959 2283 1024 2346 vult
1056 2281 1153 2364 aliquo
1186 2305 1292 2347 conatu
1313 2289 1481 2366 particulari
1513 2299 1639 2364 excitare
1660 2304 1689 2363 in
1721 2302 1749 2371 se

122 2368 195 2427 dum
221 2367 288 2436 esl3
323 2366 488 2425 Dummodo
514 2366 588 2429 Dent
614 2365 753 2427 Animam
784 2385 841 2425 uon
864 2382 921 2427 tra·
962 2363 1102 2427 devotum
1123 2364 1249 2442 aliquem
1285 2363 1426 2442 sensumi
1455 2377 1592 2438 quoniam
1632 2383 1749 2448 Anima

121 2444 197 2520 bat,
222 2443 325 2523 absque
346 2466 380 2506 eo
400 2448 477 2507 nund
498 2445 557 2527 lpse
577 2446 607 2508 id
628 2446 777 2528 reperiet,
798 2444 833 2506 ad
854 2463 921 2506 con·
963 2443 1081 2506 interne
1100 2465 1201 2509 omues
1220 2446 1280 2507 dies
1302 2446 1366 2510 suut
1387 2451 1532 2530 aequulei,
1552 2478 1655 2525 omnes
1674 2460 1748 2528 selli-

121 2527 352 2607 templariunem
375 2526 494 2586 insusam
516 2571 525 2602 ,
548 2529 578 2588 bi
601 2525 820 2600 haeretante,
846 2523 918 2586 Ani·
961 2525 990 2586 vi
1015 2546 1023 2594 ;
1059 2521 1100 2586 Et
1131 2526 1206 2587 idem
1237 2525 1343 2590 dicitur
1372 2529 1407 2593 de
1436 2528 1508 2596 locis
1528 2536 1649 2616 Sacris,
1680 2544 1751 2625 quie

104 2626 173 2668 rna
196 2608 308 2684 regredi
331 2607 410 2668 debet
433 2610 467 2666 ad
499 2609 616 2671 tertium
638 2616 787 2688 graium,
822 2604 852 2667 br
887 2601 917 2665 in
959 2601 1122 2679 hujusmodi
1148 2603 1503 2676 Animibueomnialoca
1523 2621 1643 2696 aeqrulia
1666 2623 1749 2689 sunt.

121 2683 188 2749 i‘so
214 2708 405 2769 permanere,
437 2687 539 2768 absque
560 2690 691 2768 eoquod
721 2686 847 2771 amplius
879 2706 920 2749 re·
1003 2707 1052 2765 34.
1074 2686 1197 2761 Verbis,
1219 2689 1248 2748 dr
1271 2689 1367 2769 lingua
1387 2692 1494 2771 gratiae
1513 2718 1595 2778 agere
1608 2702 1668 2764 Deo
1683 2701 1749 2767 'non

144 2785 192 2832 eat
218 2770 252 2828 ars
275 2767 445 2842 secundum,
469 2788 518 2830 aut
541 2769 689 2848 primum.
961 2765 997 2827 esl
1021 2785 1073 2845 pro
1091 2767 1252 2829 Animabus
1273 2769 1412 2844 internis,
1432 2792 1495 2849 quai
1507 2776 1536 2836 in
1557 2779 1668 2844 silentio
1689 2805 1750 2848 mn·

169 2870 223 2923 24.
243 2846 471 2924 Qualescumque
502 2850 695 2927 cogitationes
725 2849 755 2909 in
788 2848 923 2911 oratione
964 2866 1030 2908 nere
1051 2846 1186 2923 debent,
1218 2848 1330 2909 nullum
1355 2850 1416 2912 Deo
1438 2852 1678 2933 impediinenriim
1700 2884 1751 2947 ap·

124 2949 304 3008 occurrant,
326 2929 415 2989 eiiam
439 2932 576 3010 impure,
598 2928 686 2992 eriam
700 2948 802 2992 contra
819 2928 920 3000 Deum,
964 2926 1124 3004 ponendo,
1145 2928 1222 3008 quod
1244 2947 1377 3007 operetur
1399 2933 1426 2990 iu
1449 2933 1508 2997 illis
1528 2959 1536 3006 ;
1558 2940 1589 3001 ἃ
1610 2962 1669 3020 quo
1690 2965 1749 3007 ma·

124 3009 266 3082 Sentius,
290 3010 413 3084 Fidem,
434 3011 464 3073 bt
486 3014 696 3084 Sacramenta,
720 3010 738 3070 si
762 3010 922 3073 voluntarie
962 3009 1006 3083 itis
1028 3007 1089 3067 Deo
1113 3006 1138 3070 se
1162 3008 1319 3088 resignant,
1341 3034 1376 3074 ex
1399 3012 1528 3096 eriuptur
1549 3018 1575 3080 se
1596 3041 1653 3083 non
1676 3024 1753 3105 posse

118 3110 188 3156 non
212 3090 403 3162 nutriantur,
438 3113 489 3154 nec
519 3093 680 3152 voluntarie
711 3089 921 3171 expellantur,
962 3088 1135 3149 Orationem
1151 3032 1751 3170 Dominicani.susaieruuuerrectrare

127 3171 178 3234 sed
200 3191 267 3232 cum
289 3167 508 3247 indifferentia,
539 3173 569 3232 bt
592 3172 776 3252 refignatione
798 3171 919 3232 toleren-
1005 3188 1051 3243 ξς.
1076 3165 1145 3228 Non
1168 3170 1302 3231 convenit
1327 3172 1489 3236 Animabus
1518 3176 1601 3250 buius
1634 3182 1688 3245 viae
1709 3185 1752 3247 in·

125 3270 204 3326 tur,
226 3271 282 3310 non
308 3251 470 3333 impediunt
490 3248 663 3314 Orationem
688 3250 766 3313 Fidei
790 3273 798 3312 r
820 3252 920 3314 Immo
945 3264 1075 3320 teinae,
1109 3250 1187 3326 quod
1209 3246 1313 3308 sacrani
1334 3253 1618 3332 operationeeeiiain
1641 3264 1751 3330 virtuo·

125 3355 196 3399 eam
220 3330 413 3404 prsesiiureui
445 3333 606 3402 efficiunt,
637 3332 705 3410 quia
736 3332 833 3391 anima
855 3349 923 3393 tunc
965 3328 1027 3400 sas,
1050 3348 1083 3387 ei
1107 3328 1222 3408 propria
1243 3328 1401 3402 cressione,
1423 3334 1454 3394 ἂ
1474 3335 1624 3402 εᾶἰνῐῐαη
1644 3388 1654 3419 ,
1677 3344 1751 3410 aliae

126 3412 228 3494 magis
253 3415 363 3474 [livine
386 3412 530 3475 voluntari
555 3412 692 3484 refignaia
715 3429 862 3475 remanet.
964 3429 1022 3469 non
1044 3407 1127 3470 essent
1151 3427 1305 3481 mnrtnae‚·
1340 3433 1390 3473 nec
1410 3413 1512 3478 debent
1543 3420 1643 3483 elicere
1673 3423 1752 3489 assui

173 3517 224 3572 ις.
250 3495 367 3554 Friemsr
391 3494 567 3576 superveniat
589 3491 723 3565 somnus,
745 3494 774 3555 di
796 3492 920 3551 durmia·
962 3487 1072 3581 amorii
1093 3487 1213 3583 ergab·
1237 3491 1276 3550 V·
1298 3491 1435 3565 Sensim,
1468 3513 1517 3556 aur
1538 3498 1753 3569 humanitatem

126 3594 208 3650 tur,
233 3575 423 3637 nihilominus
444 3575 476 3636 sit
497 3570 630 3643 Oratio,
662 3573 692 3635 bt
712 3573 922 3649 contemplatio
963 3568 1098 3641 Cbrilli,
1128 3590 1198 3646 quia
1219 3590 1284 3630 cnm
1307 3572 1358 3634 illa
1378 3573 1488 3645 obiedia
1509 3575 1646 3643 sensibilia
1667 3585 1753 3662 sint,

125 3655 281 3727 abiualist
314 3657 382 3734 quia
402 3656 508 3717 Oratio
531 3699 540 3726 ,
564 3652 714 3732 resignatio
734 3697 743 3727 ,
766 3654 796 3714 bt
815 3651 922 3714 Oratio
963 3648 1031 3713 ralis
1052 3648 1089 3710 est
1110 3671 1194 3712 artior
1215 3671 1281 3724 erga
1303 3651 1372 3714 illa.
1412 3707 1415 3712 .

125 3736 209 3802 idem
231 3736 321 3802 sunt.
353 3741 382 3799 dr
404 3741 472 3798 dum
497 3734 649 3815 resignatio
669 3733 831 3816 perdurat,
860 3745 922 3815 per-¹
1008 3733 1055 3809 36.
1080 3729 1171 3791 Nulla
1196 3750 1357 3825 creatura,
1392 3733 1754 3806 numeremur

125 3818 216 3882 durat
239 3819 267 3880 δι
290 3818 413 3879 Oratio.
968 3808 1059 3872 serite
1082 3810 1183 3873 debent
1206 3830 1236 3871 ¹⁰
1257 3813 1351 3873 n⁰0¹⁰
1369 3813 1473 3887 eorde,
1495 3819 1564 3895 quia
1585 3819 1757 3891 solutilem

174 3905 225 3959 26.
245 3900 320 3961 Trer
342 3898 396 3958 illae
411 3897 485 3969 viae,
509 3893 688 3977 purgativa,
710 3891 923 3965 illuminativa,
967 3889 1032 3957 vult
1054 3889 1123 3952 illud
1146 3911 1304 3971 occupare,
1326 3893 1355 3954 br
1380 3892 1534 3974 possidere.

24 4039 29 4048 .
132 3980 166 4045 δι
189 3980 317 4043 Uniriva
338 3977 400 4039 sunt
423 3977 571 4040 absurdum
596 3976 776 4048 maximum,
798 3974 924 4048 qunddi-
1009 3991 1055 4048 37.
1078 3971 1112 4033 in
1133 3972 1277 4033 occasione
1297 3975 1493 4036 tentationum
1525 3979 1613 4041 etiam
1634 3979 1753 4048 suriosa·

127 4061 212 4125 (ium
237 4060 322 4125 suerit
343 4062 372 4121 in
396 4059 547 4153 Mysiira.
569 4076 634 4120 curn
657 4077 714 4118 non
737 4054 769 4116 sit
790 4054 841 4115 nifi
862 4053 923 4115 uni·
966 4071 1029 4112 rum
1054 4071 1109 4109 non
1132 4052 1214 4113 debet
1238 4052 1349 4114 Anima
1370 4053 1469 4118 elicere
1489 4057 1569 4122 asiis
1597 4063 1753 4142 eiplicitot

126 4163 167 4208 ea
191 4143 263 4216 uia,
286 4141 393 4205 scilicet
415 4161 463 4200 via
485 4139 615 4200 interna.
966 4131 1109 4193 virtutum
1131 4134 1351 4214 oppositarum,
1376 4134 1420 4196 sed
1441 4137 1523 4201 debet
1545 4141 1573 4200 in
1597 4142 1756 4225 supradislu

179 4244 229 4300 27·
252 4224 312 4298 Qui
333 4221 496 4293 desiderat,
527 4220 558 4281 ur
593 4214 776 4298 aniplesiitiir
794 4212 925 4278 devotio·
967 4231 1088 4282 amore,
1111 4214 1140 4273 dr
1163 4213 1349 4293 ¹2fi8⁰³¹s⁰¹³²
1370 4236 1552 4296 immissi*

128 4325 204 4368 trem
235 4304 416 4375 sensibilem,
457 4318 513 4362 non
545 4298 707 4371 desderat,
745 4314 796 4358 nec
825 4292 926 4373 querit
1012 4290 1059 4372 38.
1082 4292 1160 4354 Crux
1195 4294 1361 4357 voluntaria
1391 4297 1648 4363 morrificationum
1684 4323 1756 4385 pon·

131 4386 257 4463 Deum,
279 4386 323 4449 sed
345 4382 487 4464 seipsum,
511 4377 541 4440 ἅ
562 4377 638 4441 maie
659 4377 747 4457 agit,
777 4395 842 4438 cum
864 4393 928 4437 eam
969 4372 1021 4434 dus
1041 4392 1129 4450 grave
1149 4373 1207 4452 eii,
1227 4375 1259 4438 bt
1279 4372 1500 4454 tusrueiuosuu,
1524 4380 1753 4463 ideoquedimit·

128 4467 305 4544 desidem,
331 4464 365 4529 δι
392 4481 457 4530 eerti
479 4458 582 4526 babere
615 4476 766 4531 conatur,
795 4454 847 4538 qui
876 4473 928 4539 per
966 4454 1071 4517 reuda.

1571 4562 1620 4622 39·
1640 4541 1713 4605 δια·
