4009 5267
292 80 402 190 'iii
652 59 1093 158 anovosrrionrs
1122 15 1457 150 uariunt-ir}

303 217 352 275 39·
372 179 519 249 5³”ffi0f2
539 202 653 268 ΟΜ,
684 187 715 250 ἅ
744 185 951 266 Ρᾱῦῑῑθΰῐῐῑ,
980 201 1053 264 qvas
1132 180 1183 256 48.
1206 178 1353 247 Satanas,
1384 178 1435 256 qui
1465 171 1627 249 hujusmodi
1657 167 1813 245 violentias
1833 174 1880 246 iri.

261 264 576 416 turturini
598 263 1052 409 ttth‘slrsstni‘wffl·
1091 256 1403 420 hirluini
1423 257 1595 402 tritu
1613 253 1744 401 liin
1764 265 1891 409 :riu

284 371 355 507 ³⁴0⁹
378 427 468 494 Beata
488 425 528 488 V.
549 425 661 489 nullum
683 446 811 506 unquam
832 443 906 506 opus
926 423 1052 488 exterius
1092 419 1320 516 progrediatur,
1351 379 1425 481 ui'de
1453 419 1489 479 ad
1517 420 1577 491 ejus
1606 418 1682 484 vires
1711 426 1893 491 enervandas

286 511 405 593 eregit,
435 507 584 572 &temeti
612 504 668 570 suit
687 506 799 568 Saudiis
825 504 963 568 omuibus
992 503 1053 567 sari·
1094 502 1198 565 melius
1218 500 1257 565 ell
1276 521 1310 563 ea
1331 518 1390 562 non
1402 496 1554 576 confiteri,
1576 498 1712 584 quianon
1734 499 1802 567 sunt
1823 525 1892 588 pec.

262 517 373 665 him
408 589 497 672 igitur
527 586 562 650 ad
583 584 762 653 santiitatem
791 585 940 669 perveniri
961 585 1054 667 potest
1093 601 1179 658 cata,
1202 602 1255 645 nec
1276 580 1367 645 etiam
1386 575 1534 674 venialia.

265 672 370 754 *ΜΨ
389 681 475 753 ⁰l²ere
494 665 654 731 θῐῐῑῐῖῡῐῖ·
1136 686 1190 743 49.
1209 662 1267 737 Job
1299 682 1336 724 ex
1364 658 1509 723 violentia
1528 659 1683 726 Doemonis
1704 660 1731 727 se
1760 669 1893 750 promit,

308 773 358 831 4¹·
382 751 461 814 Deua
480 747 659 832 permittit,
690 735 809 812 &vult
829 748 865 809 ad
887 767 941 811 nos
957 746 1056 809 humi·
1096 743 1230 809 mundius
1250 739 1398 825 polluebat
1418 738 1518 803 eodem
1541 758 1700 825 tempore,
1722 763 1784 825 quo
1805 768 1891 815 mun.

264 833 396 908 liaudos,
418 831 448 893 dr
470 829 506 893 ad
528 848 625 894 veram
647 825 935 892 transformationem
978 826 1058 891 erdu·
1097 828 1148 889 das
1168 825 1291 888 habebat
1310 822 1346 885 ad
1370 821 1462 884 Deum
1507 843 1582 886 reces
1602 827 1617 902 (
1638 822 1673 885 lic
1697 824 1890 910 interpretan-

266 913 391 988 cendot,
411 909 492 991 quod
511 908 539 969 in
561 907 705 990 aliquibus
724 909 874 971 animabus
895 929 943 992 per
956 908 1027 971 aslis
1050 950 1061 984 ,
1099 908 1139 971 do
1158 904 1254 968 locunt
1277 925 1311 998 et
1332 923 1364 965 ca
1387 946 1407 996 ,ο
1421 905 1468 962 16.
1485 841 1555 998 iob.
1578 902 1592 978 )

157 1021 163 1032 .
266 994 358 1057 etiam
380 1011 437 1054 nori
457 989 643 1071 arreptitiis,
666 989 794 1054 Doemon
816 988 988 1053 violentiam
1012 988 1055 1049 in·
1140 1007 1188 1064 50.
1211 984 1336 1058 David,
1366 921 1530 1077 iheremias
1550 979 1581 1045 dc
1601 982 1690 1050 inulti
1712 1008 1747 1049 er
1778 988 1892 1056 Sanffis

266 1072 340 1135 serat
359 1089 456 1135 earum
474 1070 674 1152 corporibus,
708 1068 809 1151 easque
829 1070 907 1133 asius
929 1069 1057 1132 carnales
1096 1066 1250 1149 Prophetis
1271 1060 1434 1138 hujusmodi
1456 1059 1611 1158 virulentias
1631 1065 1814 1146 patiebantur
1835 1073 1888 1152 ha·

265 1151 452 1217 committere
474 1148 589 1228 saciat,
622 1149 712 1215 etiam
746 1150 777 1211 in
812 1149 917 1232 vigilia
946 1151 976 1211 dt
998 1149 1055 1212 fine
1095 1170 1158 1212 runi
1183 1147 1362 1229 impurarum
1381 1162 1583 1225 operationum
1602 1162 1804 1212 externarum,

264 1233 375 1298 inentis
390 1229 611 1307 offuscatione,
635 1232 780 1296 movendo
801 1232 915 1314 phyfice
937 1229 1053 1290 illarum
1140 1249 1189 1304 51.
1212 1225 1247 1290 ln
1267 1227 1351 1288 Sacra
1370 1223 1516 1303 Scriptura
1544 1225 1639 1290 multa
1659 1225 1723 1289 suni
1754 1232 1889 1313 exempla
1968 1285 1972 1297 .

265 1333 398 1390 manus,
429 1313 461 1374 bt
482 1312 541 1378 alia
561 1313 691 1375 membra
711 1323 814 1374 contra
834 1330 931 1374 earum
952 1309 1054 1374 volun·
1095 1310 1304 1379 violentiarum
1326 1303 1361 1365 ad
1382 1304 1459 1366 adius
1479 1321 1612 1370 externos
1640 1309 1885 1402 peccaminosos,

264 1407 359 1459 tatem
378 1436 391 1454 .
413 1393 454 1455 Et
471 1391 550 1456 idem
571 1391 677 1454 dicitur
696 1391 886 1472 quoadalios
907 1389 984 1451 adius
1006 1409 1056 1469 per
1096 1388 1219 1450 utillud
1241 1387 1275 1449 de
1297 1380 1459 1458 Sannione,
1488 1386 1539 1463 qui
1561 1406 1612 1469 per
1633 1386 1805 1450 violentiam
1838 1392 1888 1454 sei·
1929 1403 1934 1414 ·

266 1473 295 1539 se
315 1471 550 1558 peccaminosos,
574 1471 602 1532 iri
647 1491 685 1534 uo
705 1469 771 1533 casu
793 1490 852 1533 non
874 1468 938 1532 sunt
959 1490 1057 1553 pecca·
1097 1468 1180 1550 psum
1203 1465 1312 1531 occidit
1331 1485 1399 1528 cuni
1421 1463 1596 1539 Philistaeis,
1627 1468 1798 1549 coniugium
1820 1470 1887 1536 iniit

266 1563 318 1631 t'a,
335 1550 474 1636 ‘quiahis
493 1571 551 1612 tion
574 1491 647 1613 adei
669 1547 836 1616 consensus.
960 1615 962 1628 ,
1098 1569 1165 1612 cum
1186 1545 1348 1628 alienigena
1368 1588 1378 1621 ,
1399 1543 1430 1605 br
1450 1565 1517 1607 cum
1539 1546 1637 1610 Dalila
1658 1550 1810 1614 meretrice
1830 1550 1887 1615 for·

306 1655 358 1710 42.
380 1631 474 1694 Potest
495 1629 556 1692 dari
574 1628 656 1693 casus
675 1675 686 1705 ,
706 1630 784 1710 quod
801 1628 971 1706 hujusmodi
992 1627 1057 1692 vio·
1099 1628 1212 1690 nicatus
1232 1629 1288 1701 eli,
1308 1645 1371 1706 quae
1391 1624 1464 1687 alias
1484 1645 1567 1692 erant
1585 1625 1753 1711 prohibita,
1777 1632 1808 1693 de
1821 1652 1885 1714 pec·

265 1712 406 1779 lentiaead
425 1709 504 1773 adius
524 1710 649 1774 carnales
663 1710 836 1791 contingant
859 1712 960 1774 endem
984 1728 1057 1772 tem·
1093 1727 1165 1771 cata
1184 1707 1327 1772 fuissent:
1359 1701 1405 1767 De
1434 1706 1580 1786 Juditba,
1609 1729 1673 1805 quae
1701 1709 1884 1794 Holnpherni

263 1793 336 1878 pore
356 1814 390 1856 eit
412 1805 494 1873 parte
515 1793 633 1854 duarmn
654 1789 857 1877 personarum,
882 1789 1057 1852 scilicerrna
1100 1790 1225 1860 mentita
1244 1786 1329 1862 suit:
1363 1783 1407 1848 De
1428 1784 1528 1850 Eliseo
1546 1833 1556 1862 ,
1577 1807 1628 1866 qui
1651 1792 1746 1871 pueris
1766 1793 1883 1856 maledi.

132 1875 136 1882 “
266 1876 334 1949 tis,
358 1873 388 1935 δι
413 1871 556 1948 semina,
587 1872 674 1935 &ex
694 1889 777 1954 parte
794 1870 941 1954 utriusque
962 1870 1057 1951 sequa·
1098 1871 1143 1933 xit
1163 1893 1173 1936 t
1194 1865 1239 1931 De
1260 1867 1350 1942 Elia,
1379 1866 1429 1949 qui
1450 1867 1601 1932 combussit
1625 1869 1717 1935 Duces
1737 1894 1804 1936 cuin
1827 1892 1882 1936 tur·

264 1971 314 2017 tur
334 1952 435 2015 attus.
1099 1950 1156 2012 mis
1177 1950 1264 2030 Regis
1286 1947 1416 2012 Achab·
1447 1949 1495 2009 An
1524 1971 1596 2024 veto
1625 1950 1711 2015 suerit
1744 1953 1883 2018 violentia

307 2054 358 2114 43.
382 2033 459 2096 Deus
479 2032 631 2114 prateritIs
651 2030 757 2094 iaculis
788 2030 897 2096 sanslos
916 2027 1058 2095 efficiebat
1097 2029 1270 2094 immediate
1290 2028 1385 2090 aDeo
1407 2027 1535 2105 perafla,
1557 2029 1602 2093 vel
1618 2030 1803 2102 ‚Doemonum
1826 2035 1882 2096 ini·

263 2114 472 2194 Tyrannorum
494 2112 671 2188 ministerio,
702 2133 777 2175 nunc
797 2133 866 2177 vero
896 2133 944 2176 eos
965 2108 1054 2175 efficit
1095 2112 1239 2184 nisleiio,
1270 2126 1303 2172 ut
1334 2109 1363 2168 iri
1386 2108 1451 2171 aliis
1471 2111 1615 2175 animabus
1636 2112 1813 2195 contingit,
1849 2116 1880 2178 iii

265 2193 384 2255 Sansios
404 2191 572 2256 Minillerio
594 2192 769 2268 Doemonis,
789 2195 839 2276 qui
860 2189 1000 2255 causando
1023 2193 1052 2253 in
1094 2191 1182 2254 dubio
1203 2177 1393 2271 relinquitur.

264 2271 908 2355 'eispiaediflasviolentiaa‚sacit‚·utilli
931 2270 1054 2346 seipsos
1137 2292 1184 2352 52·
1205 2273 1282 2334 Cum
1305 2267 1469 2346 hujusmodi
1497 2269 1643 2333 violentiae
1672 2271 1759 2336 etiarn
1781 2274 1874 2356 impu-

264 2353 360 2431 inagis
381 2350 556 2433 despiciant,
579 2368 666 2434 atque
685 2352 866 2428 annihilent,
887 2354 920 2416 δι
939 2351 966 2415 se
988 2351 1053 2415 Deo
1077 2370 1132 2428 ‚tat
1152 2346 1254 2431 absque
1277 2349 1383 2411 mentis
1411 2347 1598 2413 offuscatione
1619 2349 1779 2427 accidunt,
1808 2372 1879 2417 tunc

266 2432 431 2513 tedgnent.
1095 2428 1195 2495 anima
1217 2430 1281 2494 Deo
1300 2430 1392 2513 potest
1411 2432 1514 2508 uniri,
1543 2432 1575 2494 sle
1603 2431 1638 2495 de
1668 2429 1743 2494 fatto
1773 2430 1883 2515 semper

305 2533 357 2589 44.
377 2511 432 2584 Iob
452 2510 691 2594 blasphemavit,
721 2513 752 2576 ἃ
777 2527 879 2576 ,ταωεη
907 2533 969 2574 uon
989 2530 1055 2593 pec·
1096 2512 1190 2592 magis
1211 2511 1328 2574 unitur.
1524 2591 1528 2596 Ι

254 2591 348 2656 ,cavit
369 2591 452 2655 labiis
472 2591 555 2668 suis,
583 2594 654 2674 quia
672 2591 728 2657 suit
749 2615 785 2656 eit
807 2592 960 2657 Doemonis
991 2592 1056 2657 vio·
1131 2614 1187 2673 ῃ.
1206 2591 1296 2656 >nuc
1355 2591 1508 2655 oscendum
1530 2590 1560 2653 in
1583 2591 1695 2673 praxi,
1728 2613 1764 2654 an
1786 2590 1887 2673 aliqua

266 2671 380 2737 letitia.
682 2755 689 2769 Ι
794 2752 801 2767 .
946 2753 953 2766 ι
1010 2751 1020 2769 .
1097 2673 1229 2754 operario
1250 2673 1280 2732 iri
1302 2672 1367 2736 aiis
1387 2673 1512 2757 personis
1532 2671 1617 2735 fuerit
1647 2671 1807 2758 violenta,
1841 2694 1885 2736 re·

265 2751 969 2916 r„tiisls‘li‘iiliil”sitistiffhilss
986 2774 1053 2896 isi:
1085 2753 1709 2914 ‘dliiilz'sshstii‘mhilarii&
1727 2750 1886 2915 ,hilis

265 2911 341 2994 pfir:
360 2916 426 2974 Non
444 2911 587 2993 quodvolo
607 2913 725 2990 bunum,
746 2912 796 2976 boc
811 2938 864 2996 ago
880 2957 891 2990 ,
907 2914 963 2994 sed
981 2915 1057 2998 quod
1096 2931 1144 2977 tur
1164 2913 1191 2978 se
1210 2913 1294 2978 diiiis
1305 2915 1463 2978 violentiis
1484 2935 1542 2977 non
1564 2910 1744 2984 consenfilie,
1768 2930 1818 2974 aut
1840 2915 1886 2986 jii-

265 2992 326 3053 nosv
345 2993 468 3068 matum,
485 2991 538 3054 abac
553 2994 651 3072 fario.
1094 3015 1157 3058 rare
1178 3016 1235 3059 non
1259 2995 1351 3076 posse,
1373 2995 1450 3077 quod
1466 2995 1495 3056 in
1516 2995 1553 3057 iis
1563 2992 1771 3068 consenserint,
1793 2993 1826 3055 ἂ
1840 2993 1886 3056 vi·

306 3076 357 3148 4⁶.
379 3071 725 3158 Huiusmofflvioleniiae
756 3071 819 3138 sunt
840 3073 968 3138 medium
992 3095 1051 3137 ma·
1093 3076 1178 3151 dere,
1200 3075 1278 3156 quod
1301 3076 1498 3150 tornitrua,
1521 3093 1584 3156 quae
1604 3074 1758 3156 proficiunt
1780 3074 1811 3134 iit
1836 3071 1887 3135 via

265 3149 310 3293 {³1⁵
319 3153 566 3296 dissitis?
569 3153 891 3299 trististristis?
919 3178 957 3298 ἓῗ
961 3158 1051 3300 ³1:233*
1092 3155 1623 3300 llffhirsi‘li‘istn‘sisti
1642 3156 1886 3299 issisti

264 3330 334 3404 qeni
355 3313 585 3395 perducendam,
607 3336 668 3379 uec
688 3311 748 3377 alia
775 3280 897 3399 superesi
915 3317 965 3382 via
985 3316 1052 3382 saci·
1094 3340 1128 3381 ca
1148 3316 1290 3400 superiore
1311 3361 1321 3394 ,
1342 3259 1429 3398 gquod
1451 3337 1497 3382 me
1517 3335 1605 3383 cetto
1621 3280 1789 3400 cignoscere
1812 3255 1887 3377 saiit

264 3388 342 3465 lior,
363 3395 393 3454 δι
413 3394 531 3455 tutior.
1094 3421 1160 3460 cum
1192 3400 1304 3461 interna
1323 3398 1526 3474 certitudine,
1556 3398 1632 3479 quod
1657 3397 1730 3461 ralis
1746 3394 1890 3478 operatio

305 3493 357 3550 47.
379 3471 456 3536 Cum
478 3471 641 3546 hujusmodi
660 3470 807 3540 violentiae
826 3497 1000 3557 occurrunt,
1022 3478 1053 3540 fi·
1088 3481 1132 3543 eli
1154 3478 1309 3551 violenta,
1325 3479 1361 3538 ‘dt
1373 3498 1475 3542 certus
1497 3477 1557 3540 sum
1577 3524 1586 3554 ,
1606 3480 1686 3560 quod
1702 3479 1762 3540 hoc
1782 3473 1887 3538 lumen

263 3565 331 3615 tiere
350 3569 490 3636 oportet,
513 3575 544 3618 ur
562 3557 685 3617 Satanas
703 3573 858 3636 operetur,
881 3559 990 3622 nullam
1005 3560 1051 3622 ad·
1092 3581 1110 3622 a
1130 3559 1193 3622 Deo
1213 3557 1343 3641 procedit
1363 3602 1373 3633 ,
1393 3560 1464 3654 quia
1484 3561 1519 3622 ad
1543 3580 1589 3623 me
1608 3560 1741 3642 pervenit
1761 3559 1887 3631 conjon-

264 3729 368 3805 uatum
388 3758 397 3786 ,
418 3711 465 3810 sed
484 3733 651 3796 permanere
670 3715 753 3780 debet
774 3717 865 3796 homo
887 3741 916 3781 in
939 3718 989 3786 suo
1010 3720 1051 3782 tii·
1094 3720 1125 3783 ἃ
1149 3718 1450 3784 ministrantium
1473 3722 1551 3783 dubii
1582 3719 1721 3801 relinquit
1748 3739 1779 3780 tri
1817 3738 1887 3781 con·

263 3788 347 3866 bilo,
368 3792 400 3885 ,3‘
420 3794 532 3891 etiarnsi
544 3794 696 3876 sequantur
715 3796 914 3878 pollutiones,
931 3801 962 3863 bt
975 3799 1054 3865 attus
1094 3799 1214 3865 riarium
1235 3845 1244 3875 ‚
1264 3817 1303 3890 ²⁰.
1322 3802 1432 3876 modo,
1448 3821 1514 3882 >qun
1535 3800 1680 3880 interdum
1697 3777 1854 3879 ¹contffigit
1874 3841 1885 3874 ,

261 3869 380 3933 obsceni
399 3877 724 3971 proposueritis,
755 3878 785 3939 br
807 3880 897 3942 etiam
920 3883 1049 3963 peiora,
1090 3879 1169 3962 quod
1191 3880 1268 3943 Deus
1288 3878 1397 3961 aliquid
1412 3882 1571 3946 revelando
1587 3924 1596 3952 ‚
1614 3881 1719 3946 eodem
1749 3899 1890 3962 ternpore

262 3968 324 4046 uoq
353 3970 426 4093 oppa
440 3956 492 4092 sest
522 3953 646 4096 {euplum
672 3958 830 4053 inquietare
852 4005 860 4035 ,
902 3960 946 4056 sed
976 3958 1053 4025 suras
1091 3962 1220 4024 animam
1239 3977 1351 4058 certam
1367 3961 1465 4058 reddit
1478 4005 1495 4038 ,
1509 3961 1593 4058 quod
1611 3961 1673 4045 ipse
1693 3962 1745 4036 sit,
1765 3962 1823 4040 qui
1845 3981 1888 4023 re·

262 4047 508 4208 {iniunt
528 4038 828 4200 nutrimini:
850 4043 1048 4203 taurin
1089 4042 1242 4186 istit&
1383 4063 1413 4104 ²¹²
1636 4064 1694 4107 ¹¹⁰⁰
1714 4040 1812 4142 td*
1834 4041 1886 4104 ³*

259 4201 356 4267 tata,
379 4192 525 4276 magisque
540 4199 690 4274 candida,
721 4201 932 4282 &acquiritur
954 4201 1048 4264 lausia
1127 4224 1177 4282 54.
1202 4199 1369 4282 spirituales
1388 4199 1458 4266 vitae
1474 4201 1627 4267 ordinaria
1646 4202 1678 4265 iii
1701 4202 1773 4266 hora
1805 4221 1885 4265 mor·

261 4270 408 4346 libertas3
444 4276 485 4338 Et
502 4296 561 4358 pra
580 4279 716 4342 omnibus
746 4302 805 4342 non
835 4301 907 4365 opus
928 4284 965 4344 eil
987 4284 1046 4346 hac
1086 4283 1124 4345 tis
1146 4282 1172 4344 se
1194 4271 1304 4346 delusos
1323 4283 1475 4347 invenient
1499 4285 1566 4363 ,be
1585 4281 1738 4361 contusos,
1761 4285 1793 4346 bt
1814 4303 1884 4346 coni
1990 4331 1991 4348 r

259 4351 422 4449 coufiteri,
454 4358 485 4418 br
505 4356 672 4423 sansiiffime
700 4359 735 4421 fit
765 4383 824 4425 tion
853 4363 1045 4439 confitendo,
1088 4364 1224 4426 omnibus
1253 4362 1427 4445 pellionibus
1459 4364 1489 4426 in
1519 4364 1578 4429 aiio
1607 4367 1716 4428 mundo
1756 4383 1884 4449 purgari·

259 4434 405 4513 quiahoc
425 4437 510 4518 padio
531 4436 677 4532 superatur
697 4439 820 4507 Damon
839 4487 849 4521 ,
871 4444 904 4508 tii
923 4441 1047 4527 acquiri·
1088 4446 1152 4507 dis.

259 4527 306 4579 tur
326 4514 473 4582 thesaurus
494 4538 594 4601 pacis.
964 4577 992 4644 s
1137 4546 1151 4606 5
1158 4545 1184 4606 ς.
1207 4524 1262 4588 Per
1290 4521 1365 4590 hauc
1393 4524 1475 4593 viam
1507 4523 1653 4592 internam
1682 4527 1874 4674 meniiii'

133 3715 136 3720 y
262 3629 389 3697 hibendo
409 3633 575 3696 industriam
596 3680 605 3710 ,
629 3637 803 3716 'nullumque
834 3640 984 3733 proprium
1005 3660 1053 3703 cen
1093 3639 1171 3703 sium
1191 3660 1258 3701 cum
1282 3639 1471 3714 certitudine,
1486 3641 1573 3723 ’quod
1592 3661 1610 3701 a
1629 3639 1885 3734 ‘Deoeprqveniam
1990 3647 1991 3664 ¹
