4009 5267
268 75 355 190 438
463 48 466 54 ’
619 61 1059 153 erososrrrorrus
1086 62 1429 150 oanunrm:

255 214 303 271 30.
325 167 437 245 Omnes
456 175 625 254 Officiales,
647 183 696 259 qui
721 184 748 241 in
766 171 993 261 Republica'cor·
1036 182 1065 242 dc
1087 174 1473 258 unamquamqueipsarnm,
1496 167 1718 252 urminimpm,
1739 176 1813 237 slm-

216 268 353 354 puraliter
375 262 525 340 laborant,
548 259 611 324 sunt
634 261 759 324 excusari
781 264 817 323 ab
837 260 993 340 obligatio·
1035 281 1122 340 quam
1154 254 1325 320 scandalosas
1354 255 1406 318 esse
1436 254 1607 315 damnandas
1627 252 1698 348 k&
1721 253 1813 333 prolui·

215 372 251 411 ne
272 346 394 420 jejunii,
417 365 468 404 nec
489 344 592 406 debent
615 341 639 403 se
662 339 835 417 certificare,
858 363 893 403 an
917 340 996 405 labor
1037 341 1160 414 bendas,
1185 340 1252 401 sicut
1275 358 1320 399 eas
1341 337 1457 397 damnat
1477 349 1495 406 ,·
1516 334 1705 428 acprohzber
1731 356 1741 430 ³.
1768 336 1817 400 lta

213 429 248 492 fit
268 421 468 506 competibilis
488 445 553 485 cuni
571 426 705 498 jejunio.
1037 441 1069 486 ut
1099 423 1273 502 quicumque
1303 415 1399 490 illas,
1433 417 1490 479 δίε·
1520 439 1563 476 titt
1592 419 1621 477 t'tt
1651 434 1739 496 pttvtt
1762 420 1819 477 De·

256 531 305 590 3¹·
327 505 505 568 Excusantur
525 503 652 565 absolute
682 522 699 563 a
733 518 875 582 praecepto
897 501 996 575 ieiunii
1037 527 1126 566 ereio.
1457 574 1465 591 ο
1725 575 1743 590 ,Ἴ
1788 576 1797 593 .

214 610 317 654 omnes
337 588 401 659 illi,
424 586 474 662 qui
497 585 551 647 iter
573 600 661 662 agunt
684 582 859 660 equitando,
883 599 994 644 utcum-
1079 584 1196 666 Insuper
1226 578 1346 641 dillrisle
1373 576 1403 635 in
1434 593 1544 638 rrrtute
1573 573 1603 638 S.
1640 575 1824 642 Obedrettttz

236 694 270 734 ue
291 670 345 730 iter
366 682 485 745 agant,
516 663 625 725 etiamst
648 662 702 725 iter
724 662 903 724 necessarium
936 684 994 727 oon
1035 665 1093 729 &o
1115 683 1146 724 ut
1167 668 1195 725 i'ti
1212 665 1303 743 primo
1325 664 1454 721 Decreta.

213 690 272 824 it,
293 750 322 810 or
344 743 454 808 etiarnsi
477 746 530 802 iter
552 742 634 803 unius
654 742 711 804 diei
734 740 913 805 conficiant.
1078 747 1230 809 innocentii
1250 744 1361 803 Diritia
1383 737 1563 798 Prividetiti‘a
1585 740 1667 818 Papi·
1689 740 1745 800 Χι.
1765 741 1821 800 De.
1845 758 1883 822 ¹5

260 852 307 910 32.
331 829 401 887 Non
424 825 459 885 ert
483 825 619 894 evidens,
642 826 719 902 qnod
741 821 917 886 consuetudo
939 845 996 883 non
1038 847 1138 889 cretum
1161 844 1250 886 eontra
1274 819 1461 900 propositivus
1483 820 1754 909 boserindasoliir,
1780 820 1818 884 Θ·

215 907 381 973 comedendi
403 905 499 978 Ova,
530 904 561 966 δι
595 900 739 964 laelicinia
760 902 790 964 ln
812 903 997 985 Quadragest·
1038 911 1069 972 ite
1086 911 1168 989 praxi
1177 906 1352 982 perniciosas.
1378 901 1596 962 feriar-diez.
1620 903 1706 957 Matr.
1732 909 1816 972 1670.

212 1012 263 1055 ma
283 988 410 1065 obliget.
971 989 986 1028 Ἃ
1079 983 1311 1062 „sitiebamus
1334 983 1371 1041 D.
1396 987 1436 1043 N.
1462 979 1646 1040 Innocentius
1667 979 1745 1058 Papa
1762 984 1817 1045 xl.

257 1091 303 1150 33.
329 1063 485 1126 Resiiutio
505 1062 648 1125 srusluum
671 1064 710 1127 ob
731 1063 911 1126 omiffionem
933 1064 996 1126 Ho·
1038 1114 1059 1147 ‚‚
1103 1066 1245 1136 radislus,
1268 1065 1379 1124 Ouium
1404 1063 1452 1124 sibi
1474 1083 1491 1120 a
1515 1060 1575 1122 Deo
1593 1060 1764 1122 creditarum
1779 1062 1818 1125 sa·

212 1168 307 1213 ratum
332 1143 451 1226 suppleri
476 1146 564 1225 poteri
589 1166 637 1226 per
656 1142 847 1224 quascumque
874 1147 994 1208 eleemn·
1036 1196 1058 1226 ‚,
1081 1089 1134 1208 luri
1157 1145 1251 1208 sedulo
1273 1145 1473 1216 incumbens,
1505 1143 1531 1201 bi
1557 1140 1665 1204 salubre
1686 1166 1760 1220 opus
1789 1146 1818 1207 iu

215 1228 231 1290 s
248 1248 315 1296 nas,
338 1246 409 1307 quas
429 1247 514 1288 antea
537 1222 725 1291 Beneficiatus
745 1227 777 1285 de
798 1223 933 1288 {rudibus
955 1223 995 1285 sul
1037 1226 1257 1307 „segregandis
1287 1223 1381 1286 noxiis
1411 1225 1603 1284 doslrinaruin
1637 1223 1746 1302 pascuis
1782 1225 1818 1289 ab

240 1306 350 1372 eneficii
372 1304 495 1368 secerir.
1037 1355 1058 1387 ‚,
1081 1310 1207 1369 innoxiis
1228 1328 1242 1363 a
1264 1301 1311 1366 sel,
1324 1306 1430 1366 record.
1446 1304 1611 1366 areiaidio
1622 1304 1695 1377 Vll.
1712 1305 1817 1369 Praise·

258 1409 304 1469 34.
330 1389 362 1449 In
385 1387 430 1449 die
454 1385 617 1448 l‘alniarum
640 1386 761 1450 recitans
782 1382 921 1448 Officium
945 1385 995 1446 Pa·
1037 1435 1059 1466 ‚,
1080 1389 1180 1451 cessure
1197 1383 1444 1460 suoinclioarunt,
1468 1383 1596 1464 prosequi
1613 1383 1731 1458 volere,
1755 1386 1817 1468 plu.

105 1517 111 1526 -
214 1468 307 1533 sehale
328 1461 464 1530 sat'istirti
491 1470 651 1547 Praecepto.
1032 1514 1055 1548 ‚,
1078 1471 1164 1529 tirnas
1186 1466 1417 1547 propositiones,
1440 1467 1547 1546 partim
1569 1465 1748 1538 etdiversts,
1771 1467 1817 1530 vel

258 1572 306 1630 35.
327 1549 424 1611 Unico
446 1545 553 1608 Officio
575 1547 663 1627 potest
683 1546 747 1617 quis
767 1544 926 1609 satisfacere
943 1544 993 1605 du·
1035 1595 1056 1627 „
1079 1549 1178 1620 lioris,
1201 1549 1245 1610 vel
1268 1547 1425 1614 Tbesibus,
1451 1546 1493 1610 sen
1517 1545 1628 1625 scriptis
1652 1568 1818 1627 excerptas,

214 1631 285 1713 plici
307 1643 471 1710 prerepto,
494 1647 546 1708 pro
568 1627 612 1689 ilie
634 1626 781 1709 prasenti,
803 1629 833 1691 ἃ
855 1628 995 1691 crailino.
1037 1675 1056 1708 „
1079 1629 1107 1691 br
1132 1627 1236 1701 partim
1261 1628 1375 1689 nouiter
1387 1630 1573 1694 adinventas,
1595 1628 1817 1708 Tbeologornm

258 1718 304 1788 3⁶.
330 1707 483 1786 Regulates
515 1706 626 1789 possent
658 1707 686 1767 in
722 1706 785 1768 soro
818 1707 995 1768 conscientia
1035 1756 1057 1788 „
1077 1710 1204 1792 plurium
1236 1710 1392 1778 examini,
1425 1712 1454 1771 bt
1487 1708 1588 1770 deinde
1622 1708 1818 1772 Eminentisst·

214 1790 259 1853 mi
283 1787 444 1868 rriiisegiis
466 1785 536 1857 suis,
557 1807 620 1866 quat
642 1785 704 1848 suni
726 1785 847 1871 expresse
878 1809 992 1851 reuoca·
1033 1836 1054 1869 ,‚
1078 1792 1151 1864 mis,
1174 1791 1204 1850 ἂ
1226 1788 1476 1851 Reverendisiimis
1510 1789 1647 1852 Donilris
1678 1792 1817 1853 Cardina-

214 1884 247 1933 ta
267 1889 317 1951 per
338 1867 504 1929 Concilium
526 1869 754 1930 Tridentinum.
1033 1918 1055 1950 ‚,
1077 1872 1168 1944 libus,
1192 1891 1290 1930 ronta
1314 1873 1484 1932 Hateticain
1518 1871 1691 1948 pravitatem
1721 1873 1818 1936 siene.

256 1972 304 2033 37.
327 1948 515 2029 Indulgentiae
535 1949 886 2029 conteslaRtgulatibus,
908 1949 938 2011 bt
953 1969 992 2012 re·
1033 1998 1055 2031 ,‚
1080 1952 1150 2012 ralib
1164 1973 1184 2012 ⁴s
1207 1950 1426 2019 litoniriioribns
1447 1949 1584 2030 subjecit:
1606 1951 1717 2027 Quibus
1751 1956 1817 2015 l'ro-

213 2049 325 2096 rocarae
347 2051 363 2090 a
385 2028 475 2091 Paulo
496 2031 535 2088 V.
558 2029 642 2093 bodie
664 2029 726 2091 sunt
751 2033 933 2096 revalidaiae.
1034 2080 1055 2111 ,‚
1079 2033 1265 2113 positionibus
1289 2031 1382 2092 sedulo
1402 2077 1410 2100 ,
1434 2035 1462 2094 br
1484 2053 1612 2093 accurare
1634 2031 1731 2112 sapies
1760 2032 1815 2094 dis·

256 2112 303 2189 38.
326 2110 501 2172 Mandatum
521 2109 688 2173 Tridentini
710 2109 813 2172 saelum
851 2110 994 2175 Sacerdoti
1034 2158 1056 2192 ‚,
1079 2112 1176 2185 cusiis,
1198 2117 1362 2176 earumlem
1386 2112 1676 2174 Emineorislinioroin
1708 2115 1811 2174 Cardi-

215 2189 396 2256 Sacrisicanti
415 2213 447 2253 es
471 2189 630 2254 necessitate
650 2213 715 2251 cum
739 2210 856 2272 peccato
888 2209 994 2254 morta·
1036 2238 1057 2270 ‚,
1079 2197 1134 2255 nal.
1159 2197 1188 2254 br
1209 2194 1315 2254 Tbeol,
1339 2194 1415 2252 voris
1448 2214 1494 2273 per
1524 2194 1706 2255 Sansiitatem
1730 2193 1809 2258 suam
1852 2273 1855 2278 Ι

212 2270 254 2344 li,
277 2270 431 2333 confitendi
452 2290 539 2350 quam
571 2274 725 2355 primum,
756 2274 794 2333 esi
826 2273 997 2348 confilium,
1036 2319 1057 2350 „
1079 2274 1204 2337 erudiris:
1230 2275 1308 2333 ldem
1332 2272 1460 2334 Sansliss.
1486 2272 1521 2332 D.
1545 2278 1587 2333 Ν.
1608 2276 1810 2352 τεροῦεῃιῃι.

210 2370 270 2414 non
294 2369 485 2431 preceptum.
1036 2398 1057 2429 „
1076 2371 1140 2419 ture
1162 2354 1364 2425 consilerara,
1397 2353 1521 2427 slatoir,
1553 2353 1583 2415 bt
1614 2355 1738 2415 decreuit
1762 2376 1814 2435 pru

255 2454 303 2512 39.
328 2431 384 2494 Illa
405 2427 571 2511 particula,
606 2435 833 2513 quamprimum,
856 2428 991 2511 intelligi·
1033 2478 1055 2510 ,‚
1077 2454 1150 2494 nunc
1173 2429 1319 2506 sequentes
1333 2435 1564 2512 Propofiriones„
1587 2433 1815 2511 &unamquam-

213 2528 284 2583 tur,
305 2532 371 2573 curn
395 2511 528 2573 Sacerdos
549 2510 597 2572 suo
619 2531 749 2593 ternpore
770 2510 971 2577 confitebitur.
1033 2560 1054 2590 „
1075 2533 1130 2578 oue
1146 2511 1302 2595 ipsarum,
1334 2516 1401 2576 ficut
1434 2521 1611 2592 jacent„ur
1636 2514 1817 2591 minimum,

252 2613 303 2668 40.
326 2591 374 2653 Eri
395 2590 550 2675 probabilis
570 2592 705 2672 opinio,
735 2612 796 2671 quae
818 2595 888 2655 diit
908 2637 917 2664 ,
941 2588 992 2653 esse
1033 2612 1223 2671 „tamquam
1246 2593 1437 2667 scandalosas,
1463 2598 1492 2658 bc
1517 2594 1544 2654 in
1566 2596 1645 2673 prasi
1677 2596 1816 2676 pernicio·

213 2689 327 2736 tantuin
353 2673 463 2735 veniale
483 2670 610 2735 osculum
642 2673 844 2744 habitumob
875 2673 992 2758 delesio
1034 2720 1055 2751 „
1077 2674 1118 2738 sas
1139 2675 1191 2739 esse
1212 2677 1402 2749 damnandas,
1427 2679 1456 2737 dc
1479 2675 1701 2757 prohibendis,
1736 2677 1815 2740 scuti

212 2751 323 2816 tionem
344 2753 510 2827 carnalem,
532 2755 561 2816 ar
583 2751 765 2827 seufibilem,
795 2775 858 2830 quar
891 2776 925 2817 eit
944 2751 988 2815 os·
1031 2751 1053 2832 ,',
1072 2755 1125 2819 eas
1139 2758 1284 2829 damnat,
1317 2757 1528 2838 &probiber.
1560 2755 1631 2816 Non
1664 2758 1814 2821 intendens

211 2831 278 2894 culo
299 2832 414 2906 oritur,
438 2832 542 2898 i'ecliiso
564 2835 692 2915 periculo
713 2831 989 2898 cousensusuirerio·
1029 2880 1050 2914 „
1073 2856 1166 2900 tamen
1188 2838 1329 2901 studitae
1351 2839 1407 2900 ina
1429 2857 1477 2919 per
1498 2837 1554 2901 boc
1581 2836 1813 2902 Decretumalias

213 2911 323 2984 ris,&
348 2913 535 2992 pollutionis.
845 2961 851 2970 »
1032 2962 1053 2992 ii
1076 2918 1334 2998 Dropofitiones‘itt
1358 2915 1418 2989 ipso
1439 2940 1496 2980 non
1518 2918 1676 2997 expressas,
1696 2920 1726 2980 bc
1748 2920 1815 2981 Satt-

147 3049 150 3056 .
251 3013 301 3066 41.
325 2997 396 3053 Non
431 2995 467 3057 eil
496 2992 666 3073 obligandus
695 2994 923 3058 concubinarius
956 2993 993 3056 ad
1032 3043 1053 3074 „
1074 2998 1168 3062 siirati
1192 3000 1242 3060 siue
1262 2997 1505 3071 quomodolibet,
1528 3000 1558 3062 ar
1580 3021 1614 3062 es
1635 3020 1816 3080 quacumque

211 3072 379 3145 ejiciendam
402 3075 620 3148 cotcttbioam„
651 3076 669 3137 si
699 3077 758 3138 bac
789 3077 876 3139 nimis
910 3073 990 3137 utilis
1032 3123 1053 3154 „
1077 3099 1155 3158 pai-te
1177 3080 1321 3144 erbibiras
1342 3077 1388 3145 vel
1414 3080 1621 3158 exhibendas,
1653 3078 1816 3146 nullatenus

211 3152 276 3215 esser
308 3154 342 3214 ad
375 3154 615 3218 obleslamentum
651 3158 877 3228 Concubinarii,
902 3155 989 3235 vulgo
1030 3203 1051 3238 „
1074 3162 1251 3240 approbate.

149 3274 153 3280 -
210 3237 339 3314 Regale,
361 3233 427 3294 dum
451 3233 598 3296 deficiente
621 3234 690 3306 illa,
714 3237 801 3299 nimis
817 3257 894 3317 aegre
927 3257 990 3316 age·
1081 3241 1194 3301 1.Non
1218 3241 1253 3304 ess
1278 3239 1411 3304 illicitum
1438 3244 1468 3306 in
1501 3243 1691 3307 sacramentis
1721 3242 1815 3308 tonse·

209 3331 254 3375 rer
275 3313 440 3383 vitain,'&
462 3315 523 3376 alia
545 3312 633 3396 epula
655 3316 739 3378 radio
763 3339 868 3400 magro
888 3337 991 3378 concn-
1034 3321 1125 3383 rendis
1147 3321 1222 3386 senui
1242 3324 1411 3402 opinionem
1436 3325 1632 3402 probabilem,
1654 3324 1687 3385 de
1709 3325 1815 3388 valore

103 3476 106 3479 ᾗ
161 3473 164 3478 ¹
209 3392 352 3454 binarium
375 3392 538 3470 afficerent,
561 3399 588 3458 dt
611 3396 667 3457 alia
689 3395 796 3461 famula
819 3398 906 3460 nimis
935 3394 987 3459 dif-
1030 3400 1225 3476 Sacramenri,
1248 3402 1564 3480 relislatutiore,nist
1589 3406 1618 3467 id
1643 3406 1815 3484 veterLes,

208 3470 286 3541 sicile
308 3475 503 3544 inueniretur.
1029 3485 1206 3556 conventio,
1228 3501 1279 3545 aur
1302 3485 1459 3567 periculum
1482 3488 1579 3561 gravis
1599 3487 1696 3547 damni
1716 3488 1815 3549 incur·

162 3566 164 3569 ⁴
248 3575 299 3630 42·
323 3555 449 3617 Licitunt
473 3556 507 3618 esl
529 3557 676 3618 mutuanti
699 3557 807 3634 aliquid
831 3557 905 3624 ultra
936 3554 990 3618 sor·
1034 3562 1142 3633 rendi;
1172 3563 1239 3626 ltine
1262 3563 1401 3629 sententia
1421 3564 1562 3648 probabili
1597 3586 1710 3628 rantum
1733 3585 1814 3629 uten-

208 3649 269 3696 tem
290 3635 426 3714 exigere,
448 3638 465 3695 si
486 3634 514 3703 se
535 3635 643 3717 obliget
665 3640 698 3700 ad
721 3660 778 3701 non
811 3640 989 3722 repetendam
1032 3642 1099 3701 dnm
1123 3664 1180 3704 non
1213 3645 1250 3706 esi
1282 3647 1310 3706 in
1333 3647 1499 3709 Collatione
1530 3644 1697 3727 Baptismi,
1727 3647 1816 3711 Ordi·

207 3710 314 3778 sortem
336 3717 371 3775 ad
393 3735 501 3780 certum
525 3732 657 3799 tempus.
1030 3722 1075 3783 nis
1097 3722 1305 3802 sacerdotalis,
1328 3746 1376 3788 aut
1401 3725 1601 3807 Episopalis.

204 3814 206 3817 ⁴
249 3817 299 3875 43.
327 3798 463 3858 Anneium
497 3798 623 3878 legatum
648 3820 700 3880 pro
725 3798 835 3860 Anima
857 3798 986 3862 relislttm
1072 3824 1099 3862 2.
1124 3805 1313 3868 probabiliter
1333 3806 1464 3869 erillimo
1486 3807 1615 3875 iudicem
1639 3809 1711 3891 posse
1740 3808 1814 3879 iudi·

208 3895 269 3936 non
291 3874 371 3935 durat
396 3876 475 3958 plus.
497 3898 584 3958 quain
607 3880 772 3957 perdecem
795 3902 907 3942 annos.
1031 3904 1093 3944 tare
1124 3886 1204 3956 iuxta
1232 3887 1399 3969 opinionem
1429 3890 1519 3952 etiam
1552 3887 1647 3952 minus
1680 3891 1815 3973 probabi·

247 3976 298 4029 44.
322 3955 389 4030 Quo
412 3957 445 4017 ad
468 3955 561 4019 soritni
584 3959 790 4033 conscientia,
815 3961 875 4021 Reo
897 3982 988 4024 corre·
1032 3962 1108 4025 lem.

206 4033 271 4108 sio,
295 4035 408 4115 ejusque
427 4041 609 4102 corutumacia
631 4035 768 4117 cessame,
791 4042 893 4105 cessant
913 4042 987 4103 Ceo·
1073 4066 1099 4114 a.
1119 4045 1291 4109 Generatim
1313 4046 1380 4106 dum
1413 4047 1649 4128 probabilitate,
1682 4050 1738 4113 sive
1771 4050 1816 4114 in·

207 4113 293 4178 sura.
1028 4123 1150 4187 trinseca
1163 4169 1178 4200 ,
1202 4127 1257 4189 five
1272 4127 1432 4190 extrinseca
1450 4173 1459 4194 ,
1490 4130 1680 4196 quantumvis
1711 4132 1814 4210 renni,

246 4217 296 4270 45.
321 4194 569 4278 Libriprobibiti,
591 4199 901 4277 doneceroutgenrur,
924 4202 984 4284 pos-
1028 4205 1117 4265 modo
1149 4227 1165 4265 a
1196 4207 1407 4287 probabilitatis
1439 4207 1544 4272 finibus
1576 4231 1632 4273 non
1675 4233 1813 4289 exeatur,

206 4272 276 4368 sunt·
292 4276 423 4350 retineri,
447 4276 640 4358 usquedum,
662 4282 791 4344 adhibita
813 4283 983 4364 diligentia,
1027 4283 1123 4346 confisi
1145 4286 1254 4368 aliquid
1275 4288 1408 4370 agimus,
1430 4287 1540 4373 semper
1570 4293 1724 4374 prudenter
1751 4295 1813 4376 agi·

203 4374 382 4434 corrigantur
397 4400 404 4417 .
429 4374 431 4376 ’
854 4395 860 4404 ·
1027 4386 1109 4427 mus·

243 4436 356 4510 Quibus
375 4456 488 4499 mature
510 4439 661 4520 pensatis,
693 4441 767 4503 idem
791 4441 985 4509 Sansiisliinus
1066 4467 1095 4518 a.
1119 4446 1166 4509 Ab
1188 4446 1358 4513 infidelitate
1377 4450 1559 4514 excusabitur
1582 4452 1725 4530 infidelis,
1749 4474 1808 4518 noo

201 4513 320 4593 satuit,
341 4538 375 4580 ac
396 4519 522 4584 decrevit
542 4563 552 4596 ,
574 4519 719 4614 pradisias
750 4523 979 4616 propositiones,
1021 4524 1135 4591 credens
1155 4515 1255 4595 droul
1273 4529 1412 4615 opinione
1435 4532 1532 4598 minus
1552 4533 1719 4618 probabili.

1665 4637 1693 4698 ς.
1707 4617 1768 4681 'An
