4009 5267
1026 5 1069 22 xl

517 117 1136 271 resonantias,
1195 162 1378 251 nani.
1620 204 1703 293 50,

132 328 155 364 ,‚
174 280 315 357 naslerio,
336 273 464 352 Domui,
487 291 535 338 aut
558 274 623 337 loco
643 271 803 355 acquisita,
826 275 920 354 eique,
960 274 1134 352 „tionibus
1163 275 1311 358 quibusvis
1339 276 1499 374 personis,
1529 298 1591 350 tam
1626 289 1755 368 eiusdem

133 407 155 442 „
176 383 210 430 iit
230 365 266 429 ad
288 362 402 426 libitum
425 357 459 421 de
482 358 517 419 iis
537 355 695 439 disponat,
718 376 768 436 per
788 354 920 436 Superio
961 396 981 433 „
1003 355 1150 432 Ordinis,
1171 358 1444 454 congregationis,
1466 361 1637 433 Monaslerii
1657 416 1667 448 ,
1691 374 1752 438 Dn-

132 488 155 525 ‚,
177 467 221 511 res
242 439 370 507 concessa
390 437 525 509 fuerint,
556 452 744 519 praeterquam
766 434 879 499 leviora
897 458 925 500 e-
965 479 986 513 „
1010 456 1096 512 mus,
1118 452 1169 499 aut
1189 437 1246 500 loci
1268 483 1277 515 ,
1299 459 1387 521 quam
1410 440 1553 511 extraneis
1573 446 1755 532 largiendis,

133 569 155 605 „
178 524 333 596 lculenta,
365 538 415 583 aur
435 517 620 616 poculenta,
652 515 697 579 seu
727 515 762 578 ad
792 514 925 581 devotio-
964 558 986 594 „
1007 532 1058 581 aiit
1076 536 1132 659 pro
1153 517 1318 584 ethfoendis
1338 519 1506 603 spesiaculis
1522 522 1611 590 etiam
1633 531 1693 610 piis
1710 534 1754 596 in·

133 648 155 682 „
179 624 274 677 nem,
306 600 355 666 vel
376 600 560 681 Religionem
583 596 757 678 pertinentia
776 596 925 659 munusca·
964 639 986 676 „
1008 615 1054 661 tra
1103 596 1248 675 cclesias,
1277 597 1484 679 Monalleria,
1517 606 1548 667 cii
1570 608 1682 674 Domos
1713 612 1754 677 sa·

130 724 153 761 „
177 683 207 745 la
225 681 378 746 communi
398 696 514 745 tantum
536 723 545 755 ,
567 696 725 757 numquam
746 697 817 743 vero
836 679 924 759 parti·
963 722 985 756 „
1007 699 1087 755 cras,
1110 677 1154 742 seu
1175 679 1257 761 pias,
1278 679 1325 743 vel
1346 698 1428 743 extra
1448 703 1513 758 eas,
1536 687 1683 771 inquibus
1702 712 1760 775 pu.

131 805 154 841 „
174 763 266 825 culari
288 761 409 827 nomine
430 759 514 904 ium
544 758 688 838 Superiori
719 757 756 822 de
787 756 923 822 consensu
962 802 985 836 „
1007 759 1108 836 blicis,
1130 777 1179 822 aiii
1201 759 1343 842 privatis,
1366 758 1468 839 sacris,
1492 784 1541 828 aiii
1562 768 1690 851 profanis
1710 773 1754 835 lo.

130 885 152 920 „
175 843 348 907 Conventus
369 841 435 907 vide
458 840 517 904 itur
538 841 553 916 )
572 837 728 902 tradenda.
962 884 983 917 „
1008 840 1068 917 cis,
1090 840 1179 904 eriam
1201 840 1458 919 misticorum,
1480 846 1686 914 &Sansiarom
1709 852 1753 917 vi·

175 966 195 997 „
216 924 246 999 §.
270 940 297 1001 3.
318 920 374 986 Sed
404 922 435 982 dt
464 912 803 996 hujusmodi'misfiones
824 939 920 983 mune
960 964 982 998 „
1005 938 1055 996 ta,
1076 939 1125 983 aut
1149 940 1190 984 ies
1211 920 1258 1002 pie
1279 921 1381 1001 gena,
1415 923 1505 987 eiiam
1527 926 1557 989 in
1580 932 1755 996 memoriam

130 1043 154 1081 „
177 1022 242 1064 rum
264 1000 328 1084 ipsis
348 1000 500 1084 Religiofis
531 998 696 1064 utriuslibet
717 997 824 1075 sextis,
861 1019 922 1062 non
960 1044 982 1078 „
1003 998 1142 1064 Passionis
1163 998 1324 1064 Dominica
1354 1004 1470 1085 populis
1503 1004 1656 1088 spectandae
1686 1031 1754 1095 pro·

131 1125 155 1161 „
178 1080 270 1145 solum
291 1080 416 1166 perse,
447 1100 548 1145 verum
580 1080 668 1143 eriam
690 1098 740 1174 per
768 1077 842 1144 alios
862 1095 925 1141 tam
965 1123 986 1158 „
1009 1097 1188 1164 ponuntur,
1218 1097 1269 1143 aut
1289 1082 1360 1144 alias
1383 1081 1411 1143 in
1433 1088 1605 1168 pradidiis,
1636 1094 1693 1157 sive
1722 1092 1753 1156 iii

133 1207 156 1242 „
179 1161 314 1239 diresie,
344 1183 434 1245 quain
454 1158 590 1224 indrede
617 1158 780 1243 prohibitas
799 1158 924 1225 declara-
964 1158 1155 1241 „quibusvis
1177 1161 1258 1224 rebus
1287 1160 1499 1244 supervacaneis
1529 1172 1563 1232 ad
1585 1190 1759 1255 pompam,

132 1284 155 1323 „
178 1264 261 1307 mus.
962 1285 984 1317 „
1006 1244 1036 1303 br
1070 1240 1323 1313 ostentationem,
1354 1258 1406 1304 aut
1433 1249 1470 1309 ad
1498 1249 1755 1328 oblesiationeni,

174 1368 197 1400 „
217 1327 247 1401 §.
270 1343 299 1401 4.
324 1324 429 1404 Neque
449 1342 520 1387 veru
540 1317 684 1404 quispiam
706 1318 817 1384 abbae
838 1341 925 1415 gene·
963 1365 986 1399 „
1007 1319 1052 1384 vel
1075 1340 1231 1401 paucorum
1255 1321 1389 1398 lucrum,
1411 1323 1441 1386 dt
1462 1328 1579 1407 privata
1597 1332 1754 1394 commoda

135 1448 157 1482 „
179 1403 232 1467 tali
255 1403 432 1486 proibiiione
452 1402 479 1468 se
499 1400 629 1465 excusare
659 1401 755 1467 valeat
774 1446 783 1474 ,
801 1400 925 1464 'etiamsi
962 1445 989 1477 ‚,
1006 1399 1227 1542 quomodolibet
1247 1401 1474 1485 pertinentibus,
1496 1409 1547 1471 nisi
1569 1431 1598 1475 re
1619 1411 1679 1494 ipsa
1699 1431 1756 1494 pro

132 1530 155 1563 ,‚
179 1504 299 1550 munera
320 1483 430 1549 miserit
462 1483 555 1547 cnivis
577 1479 705 1545 Persona
725 1482 845 1557 laica,
877 1479 925 1546 vel
963 1526 986 1559 ‚,
1027 1481 1111 1544 ivirio
1129 1480 1229 1559 cultu,
1250 1484 1281 1545 ὅτ
1302 1482 1377 1547 veris
1400 1483 1508 1548 Cbrilli
1530 1509 1686 1573 pauperum
1711 1493 1754 1554 in.

133 1610 157 1645 „
177 1565 375 1630 Ecclefiasica
403 1563 548 1637 cuiuscum
573 1583 607 1625 ue
637 1563 750 1637 slatus,
790 1561 923 1642 gradus,
962 1605 984 1639 „
1007 1560 1170 1642 digentiis,
1201 1561 1313 1627 servato
1334 1561 1364 1624 iii
1387 1561 1441 1628 boc
1462 1567 1601 1635 Caritatis
1620 1572 1755 1647 ordine,

132 1691 154 1725 „
176 1647 352 1728 dignitatis,
372 1644 502 1720 ordinis,
523 1582 570 1707 ves
589 1642 782 1717 conditionis,
805 1643 836 1705 oc
878 1662 924 1703 ua·
964 1687 986 1720 „
1006 1642 1039 1705 dt
1058 1640 1347 1709 haoimoeceffintis
1368 1645 1508 1724 rarione,
1539 1651 1574 1715 de
1602 1651 1754 1727 contilio,

132 1775 155 1809 „
180 1729 253 1803 via,
275 1748 333 1790 non
357 1723 449 1790 solum
473 1721 635 1798 mundana,
658 1723 689 1785 δι
711 1721 846 1799 Ducali,
898 1741 926 1782 e·
965 1765 987 1799 „
1010 1722 1043 1785 or
1061 1721 1195 1787 consensu
1216 1723 1400 1802 Superiorum
1423 1723 1600 1795 sublevandis
1622 1776 1632 1807 ,
1654 1750 1703 1796 aut
1723 1753 1753 1795 a·

133 1854 155 1890 ,‚
200 1809 254 1884 ia,
279 1809 323 1869 Im
346 1805 451 1881 eriali,
472 1803 684 1870 verumetiam
706 1801 928 1876 Ecclesiastico,
968 1845 989 1878 „
1011 1800 1065 1866 lias
1086 1801 1116 1864 in
1138 1804 1219 1868 rebus
1239 1803 1329 1866 licitis
1345 1805 1409 1879 ,δι
1428 1826 1479 1889 per
1499 1810 1672 1893 Capitulum
1694 1811 1753 1877 Ge.

131 1937 155 1969 „
232 1827 418 1960 bonusoli,
441 1902 492 1949 aut
513 1883 571 1948 alin
592 1883 695 1956 iiiajori
715 1926 725 1957 ,
747 1882 835 1945 etiam
854 1884 926 1975 §an-
964 1926 987 1962 „
1009 1881 1126 1958 nerale,
1148 1901 1198 1947 aut
1220 1883 1403 1949 Provinciale
1425 1907 1482 1951 tion
1505 1891 1686 1973 prohibitis,
1706 1891 1754 1956 vel

131 2016 155 2050 ,‚
176 1970 228 2031 fia
250 1971 390 2030 Romana
412 1966 543 2027 Ecclesia
564 1963 764 2027 Cardinalatus
784 1963 928 2040 dignitate
965 2004 987 2039 „
1009 1963 1124 2026 Taram
1146 1963 1187 2026 ibi
1207 1960 1298 2026 forsan
1320 1963 1513 2048 prascripram
1534 1992 1593 2034 uon
1615 1974 1754 2039 exceden-

132 2095 157 2129 „
179 2048 374 2127 fulgentibus,
405 2044 494 2106 etiam
516 2045 635 2124 proprio
656 2040 712 2104 loci
734 2040 921 2115 Ordioario,
962 2085 983 2119 „
1005 2043 1100 2118 tibus,
1122 2038 1255 2124 sumptus
1272 2042 1438 2120 hujusmodi
1459 2047 1553 2113 siant.

131 2171 156 2206 „
177 2127 267 2189 etiam
289 2146 325 2185 ex
346 2120 449 2195 caiisa,
470 2125 500 2182 δυ
521 2122 667 2184 occafiooe
687 2120 891 2182 benedisiionis
912 2161 922 2193 ,
1003 2165 1025 2198 „
1045 2123 1075 2198 §.
1097 2124 1125 2185 6.
1149 2121 1331 2186 Declaranres
1350 2143 1476 2197 tamen,
1507 2149 1558 2212 per
1576 2129 1636 2193 bac
1657 2130 1755 2196 lauda·

131 2248 156 2283 „
179 2202 226 2267 vel
258 2199 442 2283 susceptionis
462 2199 589 2264 Habitus
610 2203 652 2262 Re
674 2200 760 2262 ularii
782 2244 791 2275 ,
812 2198 926 2262 Tonsu·
965 2200 1119 2278 „bilem
1141 2201 1172 2264 dt
1193 2201 1362 2287 apostolica
1379 2205 1527 2282 dosirina,
1550 2209 1755 2293 sacrisqueCa·

131 2328 155 2365 ,‚
177 2304 216 2346 ra
242 2326 251 2355 ,
280 2299 330 2345 aut
353 2278 533 2344 Profesfionis
554 2222 765 2355 Moniaiium,
793 2296 855 2343 tam
877 2277 927 2340 sibi
965 2323 987 2357 „
1009 2281 1132 2345 tionibus
1152 2283 1385 2347 commendatam
1407 2285 1637 2371 hospital-itatem
1655 2336 1667 2367 ,
1688 2313 1758 2376 prir-

132 2408 156 2443 „
179 2362 376 2435 subditarum,
396 2381 485 2442 quam
507 2381 564 2421 oon
586 2359 781 2434 subditarum,
803 2376 853 2422 aut
875 2357 927 2438 ipsi
966 2401 988 2436 „
1010 2360 1110 2426 sertim
1129 2382 1196 2443 erga
1217 2374 1378 2446 pauperes,
1410 2367 1441 2429 δι
1511 2370 1624 2452 egrinos
1645 2392 1752 2453 neque.

132 2487 157 2523 „
179 2444 270 2508 etiam
302 2440 421 2524 proprio
441 2440 587 2515 Ordinis,
616 2440 663 2503 vel
685 2438 928 2521 congregationis
967 2483 989 2516 „
1031 2462 1098 2504 uam
1122 2442 1286 2518 imminui,
1308 2461 1359 2507 aut
1379 2388 1525 2528 polisti}
1550 2495 1559 2514 .
1581 2452 1759 2527 Quinimmo

132 2567 157 2602 „
181 2522 364 2594 protestor,
387 2521 480 2585 Vice-
498 2519 680 2593 protectori,
703 2518 858 2593 Generosi,
881 2516 928 2582 ves
968 2564 989 2597 „
1009 2461 1032 2584 ii
1052 2521 1102 2602 qui
1125 2521 1249 2586 redditus
1269 2524 1304 2585 ad
1326 2525 1387 2601 id,
1415 2528 1464 2591 vel
1489 2552 1527 2599 etc
1557 2529 1724 2595 sundarione
1747 2576 1759 2609 ,

133 2647 157 2683 „
183 2600 361 2667 Provinciali
385 2645 394 2678 ,
417 2619 467 2665 aut
487 2598 610 2675 cujusvis
631 2600 824 2676 Monaslerii,
848 2599 927 2661 vtio
968 2644 991 2680 „
1012 2600 1056 2666 vel
1078 2624 1114 2664 eii
1137 2603 1303 2677 inslirutis,
1326 2604 1460 2684 slatutis,
1477 2628 1527 2675 aiii
1547 2610 1756 2677 consuetudini·

133 2727 156 2762 „
182 2702 278 2757 ratus,
303 2682 413 2744 Domos
432 2726 442 2757 ,
464 2699 515 2745 aut
536 2681 685 2754 cuiuslibet
717 2680 834 2745 alterius
854 2679 926 2742 Loci
966 2726 988 2758 „
1010 2682 1060 2746 bus
1081 2674 1242 2763 aliquorum
1264 2680 1546 2767 Monalleriorum,
1578 2692 1758 2769 Orisiniirn,

132 2807 156 2843 „
182 2766 226 2826 Re
247 2763 334 2827 ularis
352 2761 526 2844 Superiori,
555 2779 605 2823 aot
624 2761 724 2841 aliquo
745 2779 927 2857 quocumque
965 2806 987 2840 „
1010 2781 1061 2825 aur
1089 2764 1276 2845 Regularium
1307 2765 1469 2841 huiusmodi
1501 2772 1671 2848 locorum,
1706 2789 1759 2837 aut

133 2887 157 2921 „
180 2788 320 2919 orricio,
352 2863 497 2917 munere,
529 2858 578 2904 aut
600 2840 750 2922 Dignitate
770 2841 891 2920 fulgenti
918 2886 928 2916 ,
968 2887 991 2920 „
1011 2866 1046 2907 ex
1066 2846 1281 2922 Teslatorum,
1317 2847 1364 2910 vel
1387 2847 1569 2915 Donantium
1596 2853 1756 2918 voluntati·

131 2966 157 3003 „
181 2926 230 2991 vei
249 2925 420 3005 cuicumque
440 2922 530 2987 etiam
552 2922 691 3004 simplici,
712 2923 743 2985 or
763 2921 930 3006 particulari
970 2968 991 3001 „
1013 2926 1092 3001 bus,
1114 2925 1171 2989 sive
1192 2924 1266 2990 alias
1285 2927 1446 3008 applicari,
1468 2948 1518 2994 aut
1538 2932 1638 2996 donati
1661 2931 1755 3008 funi,

133 3014 158 3083 „¹
181 3004 331 3087 Religioso
352 3028 361 3077 ;
398 3004 440 3066 ita
469 3022 501 3066 ur
523 3003 599 3067 inter
620 3001 694 3082 ipsos
714 3022 828 3083 quoque
849 3001 928 3065 Reli·
970 3049 993 3082 „
1012 3026 1061 3069 eoi
1082 3005 1205 3070 omniuo
1226 3011 1285 3086 (ur
1303 3009 1408 3086 decer)
1429 3010 1538 3092 integre
1559 3012 1587 3072 in
1611 3011 1673 3074 usus
1692 3015 1761 3096 pios

136 3131 160 3164 „
185 3087 282 3168 giosos
302 3089 315 3164 (
338 3107 372 3148 ne
406 3103 501 3180 prava
533 3082 679 3146 ambitiosi
708 3082 848 3164 impulsus
876 3102 930 3165 pro
969 3130 994 3162 „
1015 3083 1223 3167 hospitalitatis
1244 3086 1405 3162 huiusmodi
1427 3111 1477 3154 ero
1515 3092 1586 3155 odos
1606 3093 1689 3166 else,
1724 3095 1757 3156 ἃ

133 3210 157 3244 ,,
181 3165 385 3246 consequendis
405 3185 434 3226 tn
458 3162 506 3227 sua
526 3164 678 3245 Religione
697 3163 867 3237 Gradiuus,
900 3163 932 3226 or
971 3211 992 3243 „
1015 3165 1167 3247 prasertim
1190 3168 1219 3228 in
1241 3167 1457 3247 Monalletiis,
1496 3193 1534 3234 eu
1553 3172 1638 3234 Locis
1668 3171 1756 3237 deser·

133 3292 157 3325 „
185 3246 225 3307 Di
248 3244 386 3310 nitatibus
407 3242 480 3308 alter
500 3244 616 3308 alterius
633 3242 756 3326 gratiam
778 3263 827 3324 par
848 3242 929 3305 bene·
969 3290 994 3322 „
1014 3247 1070 3321 tis,
1092 3246 1122 3309 a
1143 3248 1179 3310 ab
1200 3247 1353 3310 Laicorum
1375 3270 1397 3311 κ
1418 3250 1479 3314 ibus
1500 3249 1758 3332 longiusremotis,

135 3371 160 3405 „
184 3268 347 3393 vosemiam
368 3342 524 3407 aucupetur
545 3329 559 3403 )
579 3342 767 3409 quacumque
788 3323 927 3418 largitio,
965 3370 987 3403 „
1011 3326 1059 3389 ubi
1086 3343 1182 3411 tanipn
1203 3348 1380 3409 paupertini,
1451 3352 1517 3395 vere
1538 3352 1696 3414 egenorum
1709 3354 1753 3397 ra·

132 3453 159 3487 „
182 3424 234 3471 aut
254 3407 373 3471 donatio
394 3426 544 3468 munerum
566 3450 576 3482 ,
597 3405 693 3545 spuisi
715 3425 808 3467 rerum
840 3405 925 3465 mini·
965 3450 987 3483 „
1007 3406 1100 3470 tioin
1139 3414 1143 3423 '
1744 3434 1747 3441 ·

133 3533 158 3567 ,‚
182 3509 296 3551 marum
318 3489 352 3552 de
375 3486 492 3550 licentia
513 3505 596 3564 expre
618 3506 665 3560 a,
695 3486 725 3547 dr
757 3484 785 3544 in
818 3481 931 3567 scriptis
1011 3531 1029 3562 „
1050 3488 1080 3564 i.
1102 3428 1181 3631 7Ξῇ
1202 3490 1275 3626 (piot
1298 3482 1756 3556 veroditloresoccaliooesrran·

133 3612 157 3648 „
180 3568 391 3651 superiorum)
412 3568 446 3629 sit
465 3567 579 3649 penitus
597 3564 767 3628 interdisla.
897 3645 903 3658 .
968 3611 991 3646 „
1012 3568 1097 3644 situs,
1141 3590 1176 3645 τε
1195 3568 1266 3631 aias
1286 3569 1519 3646 exdevotionis,
1541 3590 1591 3636 aut
1612 3572 1756 3636 neceslita·

178 3693 202 3726 „
223 3651 254 3727 §0
279 3672 306 3727 ς.
330 3648 446 3742 Insuper
468 3646 673 3729 probibemus,
693 3668 729 3709 iie
743 3642 929 3740 unquameis·
970 3691 992 3725 „
1015 3647 1053 3711 tis
1073 3649 1160 3711 causa‘
1173 3666 1207 3712 eo
1230 3649 1372 3712 divertere
1402 3651 1586 3732 contigerit,
1622 3674 1671 3716 ens
1692 3652 1760 3716 sane

132 3774 158 3808 „
180 3730 248 3791 dem
271 3729 459 3810 Regularibus
481 3727 565 3791 liceat
596 3726 668 3789 ullas
697 3745 830 3809 pecunias
860 3744 930 3805 quo·
971 3772 991 3806 „
1013 3729 1124 3792 deceret
1145 3728 1308 3794 refectorio
1330 3732 1479 3794 communi
1500 3753 1568 3796 cum
1592 3733 1756 3815 Religiosis,

133 3853 157 3887 „
207 3810 333 3872 uomodo
354 3830 471 3890 erogare
491 3807 519 3867 in
553 3806 672 3881 alicujus
701 3805 788 3869 eriam
814 3803 928 3867 Benefa·
949 3808 1161 3889 &mensaque
1181 3855 1190 3885 ,
1212 3810 1242 3871 dt
1264 3807 1378 3873 ferculis
1397 3815 1599 3876 communibus
1620 3859 1627 3883 ,
1650 3834 1757 3892 nequa.

132 3934 157 3969 „
181 3828 290 3967 lintis,
309 3908 358 3952 aut
378 3887 577 3965 Protesioris,
598 3890 648 3950 vel
666 3886 813 3949 Ordinarii
836 3886 927 3950 bono·
968 3933 990 3964 „
1010 3909 1099 3971 quam
1120 3911 1137 3952 a
1158 3890 1258 3954 ceteris
1276 3888 1411 3955 cfislindlis
1431 3910 1583 3957 contentos
1604 3893 1676 3962 esset
1697 3897 1757 3959 Ve-

135 4015 158 4049 ,‚
183 3990 275 4044 rem,
306 3971 395 4034 etiarn
416 3969 561 4033 occasione
581 3968 739 4044 transitus,
771 3967 820 4031 vel
838 3966 928 4049 primi
968 4013 990 4045 „
1012 3990 1076 4032 rum
1096 3972 1219 4034 omnino
1239 3972 1289 4052 ipsi
1302 3973 1455 4051 Regulares
1478 3976 1505 4035 in
1529 3973 1754 4054 hospitibusbu·

133 4094 157 4130 „
183 4051 318 4133 ingressus
343 4096 352 4126 ,
383 4051 489 4114 autad
513 4048 719 4113 Beneficiorum
741 4064 928 4125 acceptorum
966 4094 987 4126 „
1010 4050 1133 4123 jusmodi
1157 4051 1368 4134 potentioribus
1395 4054 1567 4134 excipiendis
1589 4055 1629 4116 ita
1654 4054 1680 4117 se
1707 4077 1756 4149 ge-

132 4175 156 4209 „
182 4135 387 4206 memoriam,
409 4131 538 4212 gratique
560 4130 652 4191 ariimi
673 4128 929 4204 testificationem,
969 4173 990 4207 „
1013 4148 1094 4203 rant,
1118 4149 1149 4194 υτ
1171 4132 1211 4196 eis
1231 4129 1400 4214 frugalitas,
1418 4135 1448 4195 δυ
1462 4153 1615 4216 paupertas
1628 4134 1757 4216 Religio·

130 4256 157 4290 „
181 4210 231 4276 seii
251 4233 304 4295 pro
326 4212 464 4295 pradifiis
485 4208 633 4291 personis,
713 4210 757 4274 vis
778 4208 930 4271 emorita·-
970 4253 993 4287 „
1013 4208 1043 4273 sa
1082 4211 1171 4275 corsus
1191 4212 1323 4274 eluceat.

130 4336 156 4372 „
181 4311 243 4367 te,
281 4293 326 4356 vel
358 4292 509 4388 Dignitate
541 4289 661 4371 fulgenti
684 4313 715 4353 us
743 4286 930 4365 honorifice,
1012 4334 1032 4368 „
1051 4231 1080 4369 s
1102 4293 1131 4353 8.
1154 4291 1219 4355 Pari
1241 4293 1329 4354 etiam
1360 4291 1474 4356 ratione
1493 4293 1613 4356 dislrifle
1644 4293 1754 4359 inbibe·

135 4418 164 4451 „
188 4372 289 4448 latire,
311 4372 342 4435 bt
360 4393 480 4471 opipare
501 4371 702 4453 excipiendis,
725 4370 770 4434 seu
793 4390 846 4450 pro
865 4370 927 4452 qui·
970 4414 992 4447 „
1015 4391 1099 4441 mus,
1123 4395 1160 4436 nc
1176 4368 1318 4453 quispiam
1341 4395 1376 4436 ex
1399 4374 1535 4454 pradiflis
1557 4374 1653 4437 laicis
1673 4375 1756 4451 alias,
1829 4382 1833 4389 ’

131 4498 160 4533 „
181 4451 281 4517 bosvis
302 4456 446 4517 conviviis
466 4451 592 4526 eisdem,
615 4472 664 4513 aut
686 4452 778 4513 cuivis
800 4450 926 4528 illorum,
967 4495 990 4529 „
1011 4452 1118 4533 quous,
1140 4469 1174 4516 ut
1194 4450 1320 4533 superius
1339 4453 1449 4515 dietim
1468 4455 1505 4517 eli
1525 4499 1537 4529 ,
1559 4454 1607 4517 vel
1625 4452 1759 4529 Clericus

133 4554 371 4617 „quacumque
399 4533 570 4605 occasione,
606 4534 652 4594 vel
682 4531 763 4605 causa
793 4530 926 4594 exbiberi-
966 4576 989 4611 „
1012 4531 1175 4605 saclilaris,
1204 4531 1252 4596 vel
1274 4533 1423 4615 Regularis
1451 4554 1633 4615 quocumque
1662 4535 1756 4598 bono·

123 4636 157 4697 a,
180 4614 257 4696 dis,
279 4615 329 4683 vel
347 4636 401 4702 pro
420 4612 689 4691 comssationibus,
710 4629 761 4677 aut
781 4628 931 4695 compota·
970 4658 995 4693 „
1015 4634 1063 4693 re,
1085 4611 1325 4696 praeminentia,
1346 4613 1499 4679 nobilitate
1516 4660 1527 4694 ,
1547 4633 1598 4680 aut
1618 4614 1759 4680 excellen-

1614 4741 1639 4777 „
1657 4698 1722 4777 tia,

1142 3407 1223 3470 rimis
1239 3408 1394 3473 habeatur.
