4009 5267
505 141 509 146 ’
561 122 1002 208 PROPOSITIONES
1033 118 1366 208 DAMNATAE·
1651 147 1707 250 43
1715 171 1741 246 9

189 233 970 392 ,real'‘misisti‘'sl‘ullrlllflzll‘l
1012 234 1798 415 ull·„sesilliis‘illlllls‘lssssnlr

190 422 292 466 muare
312 423 368 463 non
390 399 545 461 audemus.
1016 398 1272 461 Remuneratoris.

232 491 261 546 o.
287 481 434 542 Probabile
455 480 512 551 esl,
533 498 569 538 ne
590 476 705 555 fingolis
724 476 842 555 quidem
865 477 973 560 rigoro·
1057 499 1105 562 ²3·
1130 476 1214 541 fides
1234 478 1294 542 late
1315 478 1391 542 dina
1410 501 1446 542 ex
1468 478 1634 548 testimonio
1656 510 1796 557 creatura·

190 563 220 626 se
239 560 441 700 qpinquemrlips
461 579 509 640 per
531 557 557 620 se
577 557 706 638 obligare
727 576 900 641 preceptum
914 559 971 621 Ca·
1011 579 1109 704 pipeti,
1142 559 1263 623 similite
1295 562 1412 624 motivo
1433 560 1469 623 ad
1489 560 1722 636 jullifrcationem
1744 571 1799 637 suf.

188 658 286 704 titane
307 663 374 703 era
425 661 509 703 euru.
1050 658 1093 703 rt.

231 742 260 798 7.
281 664 369 791 Tude
390 719 481 782 solum
503 718 634 799 obligat,
655 718 770 798 quando
790 721 972 791 tenemutju-
1058 741 1105 797 ²4·
1129 720 1243 784 Vocare
1264 719 1360 783 Deum
1383 720 1412 783 in
1434 721 1533 785 tellem
1555 728 1697 793 mendacii
1728 731 1801 797 levia

184 801 321 877 slisrcari,
343 804 373 864 δι
395 821 451 863 non
475 801 612 864 habemus
631 796 717 861 aliam
741 798 842 876 uiam,
863 819 921 882 qua
930 801 972 873 jn·
1014 820 1074 863 noo
1094 800 1131 864 ell
1154 816 1235 862 tanta
1256 800 1470 877 irreverentia,
1493 821 1721 901 propterquam
1752 835 1801 878 ve.

185 882 302 945 slilicari
324 881 480 964 possemus.
1015 878 1072 957 lit,
1092 896 1143 944 aut
1164 878 1249 963 pollit
1263 882 1399 944 damnare
1421 881 1598 950 bominem.

231 965 260 1025 8.
280 964 459 1037 comedere,
480 960 510 1023 er
531 959 627 1023 bibere
646 957 732 1043 osque
754 959 789 1023 ad
812 960 973 1025 satietatem
1061 980 1111 1040 ²5·
1131 960 1209 1023 Com
1231 960 1313 1024 caela
1333 961 1446 1026 licitum
1469 964 1509 1027 eli
1528 968 1707 1039 jurare-sine
1738 972 1800 1037 ani.

187 1041 338 1109 ubsolam
360 1044 542 1123 voluptatem
565 1061 622 1102 non
644 1041 682 1102 eli
703 1059 852 1123 peccatum
878 1086 887 1115 ,
910 1061 972 1103 mo·
1015 1061 1066 1106 mo
1088 1041 1218 1116 iurandi,
1242 1043 1298 1106 five
1318 1063 1361 1105 res
1381 1044 1414 1104 srt
1437 1045 1526 1121 levis,
1548 1048 1605 1111 five
1625 1053 1742 1133 gravit.

187 1123 228 1188 do
249 1143 307 1184 non
329 1125 403 1187 obfir
425 1121 602 1192 valetudini,
623 1121 692 1198 quia
713 1122 793 1186 licite
812 1119 905 1206 potest
923 1141 973 1204 ap
1058 1128 1105 1182 26.
1126 1120 1156 1181 Si
1177 1123 1264 1200 quit,
1286 1121 1331 1186 vel
1352 1121 1450 1199 solus,
1473 1125 1520 1188 rel
1542 1148 1639 1193 coram
1661 1132 1745 1209 aliis,
1768 1134 1800 1196 fi·

189 1204 299 1290 petitus
319 1202 459 1266 naturalis
484 1201 538 1263 soie
559 1201 667 1262 aeribus
689 1199 765 1264 frui.
1017 1224 1055 1266 te
1077 1202 1289 1282 interrogatur,
1313 1202 1369 1266 fite
1389 1207 1505 1289 propria
1526 1206 1626 1290 sponte
1647 1256 1657 1288 ,
1681 1213 1799 1279 fruere.

232 1309 263 1363 9.
284 1287 367 1367 Opus
388 1283 515 1364 conjugii
540 1284 578 1345 ob
599 1279 687 1341 solam
707 1282 976 1365 voluptatemeter·
1017 1282 1172 1344 creationis
1193 1281 1296 1356 cansa,
1319 1284 1375 1347 fiee
1393 1302 1574 1379 quocumque
1587 1292 1646 1354 alio
1661 1292 1734 1368 line,
1756 1297 1799 1367 jer·

189 1365 283 1431 eitum
313 1365 395 1427 omni
424 1366 541 1446 penitus
569 1379 647 1424 caret
677 1361 763 1446 culpa
782 1407 792 1439 ,
813 1383 846 1426 ac
867 1360 975 1428 defectu
1018 1377 1061 1425 ret
1083 1362 1108 1424 se
1130 1382 1187 1424 non
1209 1361 1299 1426 fecisse
1320 1362 1430 1445 aliquid
1439 1408 1448 1439 ,
1470 1368 1547 1446 quod
1582 1391 1680 1435 revera
1711 1371 1780 1437 fecit

188 1444 321 1516 veniali.
399 1458 406 1466 ‘
1018 1442 1208 1537 intelligendo
1230 1444 1308 1506 intra
1327 1442 1355 1507 se
1375 1443 1503 1522 aliquid,
1524 1450 1603 1527 qood
1625 1451 1688 1514 non‘
1701 1417 1802 1531 lecit,

237 1548 284 1589 ιο.
307 1526 376 1588 Non
411 1544 544 1589 tenemur
574 1522 743 1606 proximum
775 1522 895 1606 diligere
915 1523 981 1586 aelu
1019 1522 1067 1618 vel
1089 1524 1174 1584 altam
1198 1524 1276 1588 riam
1298 1523 1334 1587 ab
1355 1543 1406 1600 ea,
1428 1523 1457 1586 in
1478 1526 1629 1606 quaseclt,
1653 1530 1800 1614 reiquae.

187 1608 325 1680 interno,
348 1607 378 1668 er
399 1604 539 1669 formali.
1022 1622 1070 1665 vta
1089 1602 1168 1665 aliud
1189 1603 1318 1666 additum
1340 1624 1458 1681 verum,
1480 1625 1578 1671 revera
1598 1627 1665 1684 ‚non
1694 1612 1799 1677 menti.

236 1709 284 1750 rr.
309 1690 456 1767 Praecepto
480 1684 644 1769 proximum
666 1684 804 1767 diligendi
818 1683 977 1749 satisfacere
1016 1699 1083 1755 tur,
1106 1703 1163 1745 non
1185 1684 1223 1746 ell
1244 1686 1394 1779 perjurat.
1603 1764 1605 1768 ¹
1793 1677 1798 1688 ¹

191 1769 337 1854 possumus
359 1787 408 1849 per
429 1765 503 1830 solos
524 1766 602 1827 ailus
620 1783 774 1829 externos.
1062 1782 1108 1841 ²7·
1129 1761 1223 1825 Causa
1243 1765 1314 1837 rolla
1335 1764 1433 1828 utendi
1454 1765 1499 1829 bis
1519 1769 1745 1853 amphibologiit
1758 1773 1799 1835 est

236 1870 281 1910 12.
304 1850 365 1910 Vix
388 1849 418 1908 in
439 1847 614 1909 sacularibus
635 1847 792 1921 invenies,
824 1845 912 1908 etiam
945 1845 974 1905 in
1015 1843 1130 1924 quoties
1153 1843 1180 1904 id
1201 1843 1405 1920 necessatium,
1427 1864 1477 1909 atat
1498 1848 1569 1910 utile
1591 1851 1628 1913 ell
1659 1855 1694 1916 ad
1725 1851 1798 1915 salet·

192 1930 338 2010 Regibus,
362 1925 532 2008 superfluum
556 1925 661 1998 slatui,
682 1927 712 1986 ἃ
735 1927 776 1985 ita
797 1926 848 1987 vix
871 1925 976 2003 aliquis
1016 1939 1077 1986 tem
1101 1923 1247 2006 corporis,
1271 1923 1444 2000 bonorem,
1476 1947 1518 1991 tes
1538 1926 1694 1996 familiares
1714 1948 1796 1995 tuen.

192 2027 303 2074 tenetur
326 2007 361 2065 ad
383 2008 592 2085 eleemosynam
613 2048 622 2078 ,
642 2005 759 2083 quando
779 2020 892 2067 tenetur
913 2020 974 2065 tan·
1016 2004 1084 2079 dae,
1106 2003 1153 2067 vel
1175 2006 1210 2097 ad
1230 2002 1389 2098 quemlibet
1410 2007 1500 2068 alium
1531 2008 1650 2073 virtutis
1680 2013 1798 2088 adium,
1918 2059 1923 2068 .

191 2105 256 2149 tum
279 2081 478 2178 exqsuperfluo
500 2085 601 2176 slatui.
697 2162 704 2177 1
827 2161 835 2177 .
902 2165 904 2170 ³
1017 2084 1113 2176 ita'ut
1134 2100 1267 2146 terreatis
1286 2082 1445 2177 occultatio
1475 2086 1619 2151 censeatur
1647 2105 1717 2154 tnnc
1749 2111 1797 2155 ex·

142 2253 146 2260 '
189 2158 976 2323 tesldbldpbecussecdblidarbnoorbdlrimddevfiatcdadli’eopjba
1017 2162 1647 2326 ptilddsdud‘rdelddidbde·commendatione,
1673 2249 1719 2315 rel
1734 2271 1798 2314 mn·

189 2324 319 2396 tristati,
341 2325 372 2384 be
392 2326 427 2384 de
449 2320 527 2382 illius
548 2339 644 2382 morte
672 2319 797 2384 naturali
832 2322 974 2402 gaudere,
1016 2344 1101 2396 nere,
1122 2323 1158 2384 ad
1180 2323 1405 2404 Magistratttm,
1428 2325 1474 2389 vel
1495 2326 1623 2390 officium
1648 2331 1796 2412 poblicum

188 2404 272 2466 illam
298 2401 436 2464 inefficaci
458 2400 560 2465 aliedla
580 2418 704 2482 petere,
738 2401 768 2463 dt
801 2402 974 2477 desiderate,
1016 2419 1168 2485 promotus
1187 2402 1244 2478 eli,
1266 2406 1375 2485 poterit
1395 2427 1462 2468 cum
1483 2407 1655 2472 restrieliooe
1675 2412 1797 2474 mentali

188 2506 248 2547 non
271 2485 386 2565 quidem
408 2506 441 2545 et
464 2481 643 2564 displicentia
665 2478 822 2560 persone,
857 2481 903 2545 sed
937 2483 976 2546 ob
1016 2482 1144 2565 praellar‘e
1165 2484 1378 2560 juramentum,
1399 2486 1477 2566 qnod
1496 2488 1531 2550 de
1551 2488 1689 2552 mandem
1710 2494 1752 2554 lle
1773 2492 1799 2553 's

186 2564 305 2646 aliquod
326 2563 489 2645 temporale
512 2562 745 2624 emolumentum
764 2602 775 2619 .
1019 2583 1037 2625 a
1059 2561 1200 2625 fimilibus
1220 2561 1292 2626 solet
1313 2565 1390 2645 exigi
1412 2609 1422 2640 ,
1456 2586 1513 2628 non
1543 2566 1645 2632 habito
1674 2572 1750 2653 relpe
1780 2593 1799 2635 ιι

232 2663 278 2721 14.
302 2645 430 2705 Licitunr
465 2642 503 2706 ess
534 2639 666 2704 absoluto
699 2639 835 2703 desiderio
873 2662 975 2726 cupere
1016 2644 1050 2705 ad
1074 2641 1266 2705 intentionem
1289 2646 1447 2726 erigentis,
1467 2646 1538 2727 qnia
1559 2649 1794 2715 nontenetrrrdt·

187 2743 315 2788 mortem
338 2725 454 2796 Patris,
477 2742 534 2784 uon
557 2720 673 2802 quidem
696 2721 850 2785 utmalnm
863 2724 973 2799 Patris,
1016 2723 1069 2787 teri
1092 2722 1202 2785 crimen
1224 2725 1393 2787 occultum.

188 2805 235 2869 led
257 2822 288 2867 ut
310 2805 418 2866 bonnm
440 2802 600 2883 cupientis,
622 2802 691 2880 quia
711 2802 849 2867 nimitum
871 2804 898 2867 ei
919 2804 969 2867 ob
1058 2824 1108 2884 ²9·
1129 2802 1241 2883 Urgent
1262 2821 1355 2869 metm
1409 2802 1471 2870 avia
1490 2806 1528 2868 eli
1548 2807 1631 2871 cansa
1650 2811 1721 2883 julla
1746 2810 1795 2873 Sa·

103 2897 106 2901 ’
187 2902 315 2951 ventura
335 2886 371 2947 ell
394 2884 508 2966 pinguia
529 2882 688 2944 hereditas.
1012 2898 1231 2947 crementorum
1252 2885 1364 2948 admitti
1389 2886 1530 2950 rationem
1554 2889 1724 2950 simulandi.

234 2988 278 3042 ις.
301 2967 430 3026 licitum
450 2965 485 3024 eil
507 2961 901 3044 filiogauderedeparricidio
916 2965 968 3026 Pa·
1058 2985 1108 3046 30.
1130 2962 1186 3024 Fac
1207 2963 1245 3027 eli
1265 2965 1331 3029 viro
1352 2964 1504 3044 honorato¹
1524 2968 1653 3033 occidere
1685 2969 1770 3032 intas
1784 3007 1796 3025 ·

187 3044 277 3110 tentis
297 3067 314 3107 a
334 3041 360 3108 se
383 3045 411 3105 in
434 3042 570 3107 ebrietate
591 3060 753 3123 perpetrato
775 3063 892 3182 propter
923 3043 966 3104 in-
1009 3064 1090 3118 rem,
1109 3042 1160 3122 qui
1183 3043 1287 3106 nititur
1306 3044 1483 3108 calumniam
1506 3046 1635 3124 inserte,
1668 3048 1795 3113 sialiter
1859 3127 1864 3136 ι

187 3142 288 3210 gentes
309 3126 428 3188 divitias
449 3124 515 3185 inde
533 3143 567 3183 et
589 3122 746 3185 hereditate
766 3143 818 3184 con
834 3142 947 3186 ecutae.
1011 3124 1070 3186 lraec
1093 3121 1256 3202 ignominia
1286 3123 1374 3189 vitari
1405 3126 1536 3205 neqnit3
1567 3129 1648 3191 Idem
1702 3151 1797 3210 noque

233 3211 279 3268 ιό.
303 3206 387 3270 Fides
420 3225 478 3267 nou
509 3200 638 3266 censetur
667 3203 767 3265 cadere
789 3203 847 3266 snb
867 3223 969 3285 praee·
1010 3203 1184 3278 dicendum,
1208 3202 1312 3283 liquis
1333 3204 1425 3287 impin
1465 3208 1632 3290 talapam,
1656 3149 1795 3273 edrone

188 3305 272 3371 ptum
295 3309 307 3351 s
328 3285 434 3360 eciale,
457 3283 487 3345 bt
508 3282 657 3346 secundum
680 3281 694 3341 s
718 3326 726 3343 .
1011 3281 1177 3375 percutiat,
1199 3282 1229 3342 dt
1249 3285 1311 3365 poll
1333 3283 1413 3367 impa
1461 3307 1488 3347 m
1507 3287 1622 3372 alapam
1646 3290 1793 3354 velidlnnt

232 3390 278 3450 17.
299 3307 375 3431 Spatia
396 3366 434 3430 eli
454 3362 549 3427 adium
571 3362 653 3426 Fidei
677 3361 761 3427 semel
783 3364 812 3424 in
835 3362 900 3429 rita
917 3362 968 3426 eli·
1011 3363 1089 3427 sullis
1110 3361 1224 3442 fragrat.

188 3468 273 3513 tere.
1054 3465 1101 3525 3¹·
1123 3439 1305 3522 Regulatiter
1323 3443 1454 3510 occidere
1472 3445 1581 3528 possem
1612 3447 1704 3514 barem
1737 3470 1794 3534 pro

232 3530 278 3591 18.
300 3528 329 3591 Si
352 3549 369 3590 a
389 3526 527 3608 poteslate
549 3524 662 3606 publica
682 3523 968 3606 quiaintetrogetur,
1009 3523 1226 3587 conservatione
1246 3522 1329 3585 anina
1350 3524 1447 3587 aurei.

189 3609 289 3671 Fidem
322 3610 446 3689 ingenue
476 3603 637 3678 confiteri,
671 3620 703 3666 ut
728 3605 809 3678 Deo,
831 3606 861 3666 dt
884 3603 966 3665 fidei
1053 3625 1101 3687 3²·
1123 3603 1194 3696 an
1217 3600 1307 3664 solnm
1328 3602 1441 3667 licitum
1463 3605 1501 3667 ell
1522 3607 1667 3673 defendere
1696 3606 1792 3675 desen·

185 3688 343 3770 gloriosum
367 3685 518 3762 confirlto,
541 3703 658 3760 tacere,
679 3700 712 3748 ut
734 3681 966 3766 peccaminosunt
1009 3685 1084 3748 fiune
1104 3683 1226 3771 occiliva
1245 3702 1311 3762 qna·
1328 3683 1392 3746 astu
1452 3683 1612 3766 llrdemets,
1635 3688 1680 3753 sed
1701 3690 1792 3753 etiam

186 3791 237 3853 per
258 3769 285 3835 se
305 3790 364 3832 oon
384 3769 514 3829 damno.
1009 3765 1045 3827 ad
1064 3784 1130 3844 quae
1149 3763 1198 3835 lue
1220 3763 1389 3828 inchoatum
1430 3766 1574 3847 abemus,
1605 3773 1636 3835 ἃ
1655 3789 1718 3851 que
1738 3789 1794 3834 noe

186 3851 452 4011 smlbdeydbudpdb
466 3842 867 4007 'ddinmpd'gtiesstfidfflbeazeduaudt
883 3843 967 3985 assep:
1009 3840 1402 4012 pogepsfub‘igcitsbdnnfftam
1424 3924 1546 4005 heredi,
1578 3949 1665 4012 quam
1688 3929 1794 4011 legata·

186 4030 283 4155 pcatpr
314 4008 423 4093 pondera
451 4007 597 4071 rationum
628 4005 664 4068 ad
697 4003 832 4114 affepsum
864 4004 965 4086 impel·
1008 4004 1549 4152 zipapoppztipiulledipnppplieptprvn,
1579 4031 1618 4074 ne
1644 4010 1792 4151 peltlppre·

200 4112 336 4158 emrum.
756 4115 759 4126 ι
1189 4107 1282 4160 u,v
1342 4107 1794 4166 egaoamur,earter

617 4161 968 4249 rudentet¹repodiareas·
1010 4164 1174 4238 detendere,
1197 4164 1266 4227 sicut
1287 4164 1319 4225 dt
1338 4165 1388 4233 lue
1408 4167 1525 4231 habenti
1543 4165 1575 4230 ln
1599 4170 1791 4248 cathedram,

186 4251 315 4326 sensum,
337 4270 424 4330 quem
446 4248 566 4311 babebat
587 4186 850 4329 dupernaruralem.
960 4228 976 4262 ⁸
1005 4245 1052 4310 vel
1075 4243 1255 4328 prebendam
1276 4261 1378 4309 contra
1397 4265 1499 4311 eorem
1517 4248 1712 4333 possessionem
1743 4252 1792 4313 iu·

229 4354 276 4395 21.
308 4329 442 4394 Attentos
471 4327 538 4392 fidei
570 4328 813 4410 supernaturalis,
833 4327 864 4389 dt
885 4323 966 4387 utilis
1006 4326 1075 4402 julie
1096 4324 1342 4419 impedientem.v

186 4412 361 4478 adsalutem
391 4412 445 4474 flat
474 4430 539 4473 cum
571 4409 678 4471 notitia
705 4406 798 4470 solem
821 4404 963 4489 probabili
1045 4425 1094 4486 34
1116 4406 1198 4469 Licet
1219 4425 1372 4488 procurare
1389 4407 1526 4472 abortum
1544 4426 1613 4475 ante
1628 4409 1789 4473 mimario-

185 4493 389 4569 aevelationia,
412 4492 505 4555 immo
526 4511 596 4553 cum·
612 4485 767 4552 formidine
791 4532 800 4565 ,
821 4508 880 4573 qua
897 4486 965 4570 quie
1002 4506 1070 4550 rtem
1092 4483 1198 4560 fectus,
1220 4507 1256 4549 ne
1298 4485 1373 4550 nella
1391 4488 1564 4573 deprebensa
1591 4490 1709 4573 gravida
1737 4510 1788 4554 oe.

158 4573 348 4680 'sormidem
369 4591 485 4641 utnon
504 4571 540 4639 sit
559 4571 677 4639 locutae
695 4569 793 4638 uere.
859 4594 861 4598 ’
957 4649 959 4653 .
1011 4565 1263 4647 eidaru,auriu
1294 4582 1414 4716 mettere.
1447 4670 1472 4727 4
1631 4669 1679 4733 ἃς.
1698 4649 1756 4715 Ἦ.

229 4195 276 4233 eo.
298 4172 377 4232 Hinc
400 4168 489 4250 potell
511 4166 576 4250 quia
