4009 5267
376 24 410 79 ⁷
498 22 1406 190 accusatassrlemr.
1618 112 1703 202 527
1824 168 1830 183 .

144 330 166 366 ,‚
183 195 523 354 nitidulis,
540 191 931 357 ‘inlisisinlisis
969 193 1753 368 :1tantillulaelllnllllnnt:

144 412 168 448 „
189 364 326 429 imminet
345 361 509 423 animarum
543 376 613 420 cura
640 354 823 437 personarum
847 354 928 421 sacu-
967 398 989 433 „
1013 356 1032 418 fi
1052 356 1223 440 deliquerint
1245 358 1319 421 circa
1351 355 1483 440 personas
1503 358 1580 423 intra
1600 362 1751 448 saprade·

144 492 167 528 ‚,
190 446 324 514 larium,
355 455 456 522 prater
476 457 554 513 eas,
585 454 648 516 qua
669 434 734 500 sunt
753 437 789 501 de
810 435 927 502 illorum
968 480 990 513 „
1012 453 1128 519 genter,
1151 456 1200 503 aut
1219 437 1297 500 circa
1316 437 1513 514 clausuram,
1535 439 1582 504 vel
1604 445 1679 509 circa
1700 446 1750 513 bo.

144 571 165 607 „
187 517 430 589 Monallerlorurn
448 561 458 592 ,
483 516 529 581 seer
551 517 697 582 Locorum
719 516 845 592 nmilia,
868 536 929 600 per·
969 560 991 592 „
1013 538 1118 581 norum
1133 517 1409 583 administrationem
1422 519 1668 586 Monalleriotutu
1680 525 1751 589 Mo·

144 650 166 685 ‚,
188 603 263 666 sona
281 617 344 662 tarn
366 597 550 681 Reguleres,
584 614 673 678 quam
695 595 838 661 seculares
857 599 928 672 ejul-
969 640 990 674 „
1013 597 1154 675 nialium,
1177 597 1265 662 etiam
1280 599 1469 694 Regularibus
1489 600 1692 680 subjeslatum,
1714 606 1752 671 ab

143 726 164 761 „
186 680 269 745 modi
289 681 399 744 Curaru
421 695 583 744 exercentes
602 674 706 741 subsint
727 677 925 754 immediate,
966 721 987 755 „
1010 678 1156 762 Episcopo
1178 679 1235 741 loci
1257 678 1388 744 fimilrter
1406 700 1560 762 tamquam
1579 683 1615 745 ad
1636 683 1752 751 lrocSe·
1807 754 1815 760 ,

139 806 161 841 ‚,
184 763 216 826 in
238 761 310 834 luis,
339 780 402 842 qua
422 759 458 822 ad
477 759 584 823 didiam
605 758 743 834 Curam,
777 760 811 823 ae
829 759 925 822 Sacra·
966 800 988 835 „
1009 759 1054 823 dis
1076 759 1255 842 Apostolica
1275 759 1438 842 Delegato,
1458 763 1592 844 quoties,
1611 763 1643 827 δι
1662 783 1753 845 quan·

139 857 352 921 „mentorum
372 838 652 904 administrationem
676 840 848 920 pertinent,
879 841 927 911 Ju-
967 882 989 916 „
1011 837 1050 904 do
1079 859 1152 923 opus
1185 837 1300 917 suerit,
1340 841 1466 924 puuirl,
1505 842 1537 907 dc
1564 844 1672 926 corrigi
1701 852 1760 911 ua'

141 966 164 1001 „
185 921 363 999 risdiftioni,
386 919 577 993 visitationi,
600 920 630 983 de
652 920 835 984 Corresiioui
855 919 928 1002 Epi·
968 962 989 997 „
1012 919 1108 985 leant.
1403 946 1405 965 r

141 1046 165 1081 ‚,
188 1000 290 1086 scopi,
312 1001 344 1064 in
362 1004 444 1078 cuius
465 999 587 1065 Dimcefi
607 998 671 1063 suut
694 1000 769 1064 srta.
790 1001 927 1097 Itemque
1011 1043 1032 1076 „
1053 1002 1083 1078 §.
1108 1021 1135 1081 5.
1155 1000 1334 1065 consessores
1353 1022 1443 1078 vero,
1465 1000 1511 1074 seu
1521 1003 1751 1088 Secularetquo.

143 1125 165 1161 ”
183 1079 930 1237 rtnt‘alrlrtsllllnlnnllll
966 1124 987 1158 ”
1013 1082 1751 1229 lsdlllliibmllrf‘llrl'llffll’sm

139 1208 165 1322 ’,ζ
188 1188 230 1308 ule
261 1207 457 1307 in’omuibus
487 1240 674 1306 Mouelleriis
713 1242 762 1305 sibi
802 1240 932 1317 subjeslia
970 1206 992 1320 ζ
1014 1240 1105 1308 etlam
1126 1241 1317 1323 Regultribus
1336 1188 1522 1319 {misenum
1541 1290 1550 1320 ,
1571 1187 1753 1325 ssdlelllel

142 1370 165 1404 „
187 1320 368 1399 Ordinarla,
401 1323 430 1385 in
461 1321 527 1385 aliia
558 1341 627 1388 tero
656 1322 736 1388 Sedis
757 1323 933 1405 Apollolicae
971 1368 993 1401 „
1016 1322 1179 1388 nullatenus
1207 1321 1505 1404 deputationum,
1536 1325 1589 1388 nisi
1618 1329 1697 1411 prius
1717 1330 1753 1393 ab

143 1451 166 1485 „
187 1404 358 1470 auslorltate
379 1403 549 1467 Clausuram
568 1402 861 1480 Sandiimonlalium,
882 1404 932 1467 ubi
970 1447 992 1482 „
1016 1401 1163 1486 Episcopo
1184 1401 1354 1470 Ditecesano
1376 1405 1473 1470 idonei
1504 1406 1690 1485 iudicentur,
1721 1413 1754 1475 ds

144 1531 166 1566 „
190 1485 302 1551 violata
321 1483 435 1561 suerit,
465 1483 517 1546 dili
557 1500 621 1549 nter
652 1485 788 1560 ressitui,
819 1486 851 1549 ur
880 1485 928 1548 ubi
970 1528 991 1561 „
1012 1485 1275 1567 approbationem,
1296 1505 1360 1567 qua
1380 1485 1471 1568 gratis
1490 1489 1678 1567 concedatur,
1697 1490 1752 1554 ob·

140 1612 163 1647 ‚,
187 1565 331 1632 inviolata
358 1564 427 1641 ell,
468 1563 632 1629 constrari
664 1565 792 1627 maxime
827 1585 927 1660 procu·
968 1607 990 1642 „
1012 1564 1144 1637 tineaut;
1164 1565 1217 1629 Sed
1237 1566 1520 1631 &Administrantes
1535 1569 1656 1633 bonoad
1678 1568 1751 1645 eius·

139 1693 163 1728 ‚,
186 1664 282 1721 rent,
328 1644 559 1719 lnobedientes,
588 1661 675 1728 atque
708 1645 932 1709 contradrdlores
970 1688 992 1722 „
1014 1646 1095 1709 modi
1117 1645 1297 1710 Monasleria
1316 1647 1605 1727 Sandlimonialium,
1628 1666 1660 1714 ut
1682 1670 1752 1734 prte-

142 1774 164 1808 „
187 1748 239 1813 per
260 1728 397 1794 Censurat
416 1725 645 1803 Ecclefiallicat,
667 1725 792 1808 eliasque
811 1746 930 1810 poeuas,
971 1767 992 1802 „
1016 1726 1126 1801 sertor,
1148 1726 1236 1790 etiarn
1255 1726 1440 1808 Regularlbus
1460 1727 1667 1805 sobieslarum,
1690 1751 1752 1810 pet·

140 1855 163 1888 „
185 1830 366 1955 quacumque
386 1807 582 1893 appellatione
603 1808 758 1891 poliposta
779 1849 790 1884 ,
810 1828 928 1889 compe·
968 1849 990 1884 „
1013 1806 1156 1950 tinlentia,
1178 1807 1236 1871 fise
1253 1807 1410 1951 ,lfflm
1430 1809 1600 1905 extiterint²
1623 1812 1679 1875 srue
1697 1811 1751 1874 Sa·

141 1934 165 1969 ’⁰
183 2016 204 2049 „
216 1908 324 2112 ‘sug
334 1976 434 2053 Atque
455 1988 488 2035 ut
508 1968 663 2065 llegulares
676 1968 705 2030 ln
717 1967 850 2033 Ecclefils
863 1966 925 2032 suo·
967 1929 990 2043 l:
1011 1907 1360 2065 sl,malllllglllloalilns
1371 1889 1753 2112 llpllltlllbtllmlllgrllsrl:

146 2099 167 2130 „
191 2072 254 2114 rum
320 2052 421 2112 dinum
442 2052 593 2132 praedrcare
626 2051 757 2115 solentes
778 2047 805 2113 se
824 2067 925 2111 coram
967 2090 988 2125 „
1012 2052 1090 2121 bus,
1122 2047 1238 2127 singulte
1267 2068 1350 2112 annts
1371 2066 1498 2114 tatrones
1527 2051 1637 2113 adum
1664 2051 1753 2115 ratio·

143 2174 165 2205 „
190 2127 341 2211 Episcopis
361 2127 556 2211 prasentare,
577 2130 609 2192 oe
629 2130 666 2193 ab
686 2130 728 2191 eis
749 2126 927 2192 Benediciio·
967 2167 989 2204 ‚,
1011 2128 1086 2201 nit,
1116 2125 1205 2209 gratis
1226 2144 1323 2193 tamen
1353 2129 1506 2210 exigendas
1527 2172 1537 2205 ,
1569 2128 1682 2197 reddere
1712 2149 1756 2197 te·

141 2253 164 2287 „
189 2229 256 2273 uem
315 2227 374 2272 tere
395 2225 546 2301 teneantur
569 2234 582 2281 ;
614 2210 649 2272 In
672 2207 805 2271 Ecclesris
825 2229 926 2284 veto,
967 2250 989 2284 „
1011 2223 1159 2302 neanturt,
1190 2204 1225 2269 ad
1246 2206 1330 2290 idque
1351 2210 1421 2305 jutis
1441 2211 1575 2283 remediis
1590 2210 1688 2306 copi,
1721 2211 1753 2275 δι

139 2286 929 2461 :3simsustes.‘llllmrlssslllls‘l'blt
967 2329 992 2443 3:
1012 2286 1687 2452 {iltllrlb‘ls’sletzlll‘tfglllt
1703 2313 1752 2435 :t

141 2494 164 2528 „
185 2449 402 2514 contradicente
423 2464 521 2510 aurem
546 2446 693 2528 Episcopo
713 2445 786 2540 nullt
807 2489 817 2519 ,
838 2446 929 2533 etlam
969 2489 991 2524 „
1014 2467 1148 2523 monere,
1169 2465 1203 2510 trt
1223 2447 1567 2527 ejusmodiConselsores,
1585 2456 1679 2534 atqud
1691 2452 1752 2517 Ad·

139 2574 163 2609 „
185 2532 215 2593 in
238 2528 351 2593 suorum
360 2527 506 2591 Ordiuum
520 2526 670 2605 Ecclefiis,
692 2527 842 2610 predicare
858 2545 928 2611 pra·
969 2570 991 2605 „
1014 2526 1219 2594 ministratores
1239 2546 1394 2595 amoveant
1413 2553 1423 2605 ;
1445 2531 1533 2614 iisque
1554 2532 1754 2613 Superioribus

137 2654 161 2689 „
186 2608 318 2674 sumant.
969 2651 991 2687 „
1014 2611 1043 2674 id
1063 2607 1154 2673 satere
1174 2609 1427 2688 dettedlantlbus,
1448 2629 1498 2676 aut
1519 2613 1595 2693 negli
1617 2614 1754 2691 entibus,

181 2735 204 2768 ‚,
225 2693 255 2769 §.
278 2712 308 2767 4.
330 2691 442 2753 Verum
463 2689 533 2772 quia
545 2688 725 2773 experientia
745 2705 929 2772 compertum
969 2731 991 2764 „
1014 2690 1118 2754 babeat
1141 2689 1168 2752 E
1191 2688 1301 2774 'scopus
1321 2690 1487 2756 facultatem
1510 2694 1613 2775 pradie
1646 2694 1753 2757 scon·

140 2816 163 2850 „
186 2773 248 2849 esl,
270 2770 457 2867 Ecclesrallici
479 2771 784 2866 regiminietationem
806 2770 928 2866 pollula-
968 2811 989 2845 „
1010 2770 1138 2866 sesbrea,
1161 2710 1192 2835 g
1215 2772 1469 2837 Administratores
1490 2775 1644 2837 amovendi
1665 2775 1754 2840 toties

139 2896 163 2930 „
187 2875 243 2929 re,
275 2871 306 2915 ut
329 2852 459 2916 Decretrs
490 2849 628 2925 eiusmodi
656 2849 765 2933 altqutd
793 2852 928 2935 adiunga·
968 2892 990 2925 „
1010 2869 1157 2934 quottea,
1188 2852 1219 2915 ds
1241 2851 1357 2934 quando
1377 2871 1451 2934 opos
1470 2852 1524 2916 esse
1553 2854 1754 2929 judicaverita
1821 2890 1827 2899 1

140 2977 163 3011 „
187 2954 256 3003 tur,
280 2949 391 2997 matura
409 2932 617 2998 deliberatione
637 2934 751 3008 uoslra,
772 2932 804 2996 δι
823 2954 928 2999 excet·
968 2973 990 3005 „
1012 2934 1060 2996 Ac
1079 2930 1212 2997 fimiliter
1232 2931 1317 3016 possut
1340 2931 1499 3015 Episcopus
1527 2954 1585 3017 una
1612 2955 1681 2998 cum
1702 2935 1753 2999 Su·

138 3057 162 3091 „
186 3032 218 3078 ta
239 3011 372 3091 silentia,
395 3034 429 3075 ac
450 3019 485 3077 de
505 3011 681 3097 Apostolica
701 3011 849 3094 poteslatis
869 3013 930 3096 ple·
968 3052 990 3089 „
1009 3012 1173 3157 petioribus
1193 3012 1382 3095 Regularibus
1410 3033 1659 3097 quarumcumque
1689 3016 1752 3080 Ab·

138 3138 162 3174 „
186 3095 346 3169 nitudine,
383 3095 436 3159 hac
456 3094 579 3176 generali
601 3116 634 3157 ac
656 3109 797 3177 perpetuo
819 3092 926 3158 valitu·
967 3134 988 3167 „
1030 3092 1194 3169 stillarum,
1218 3093 1433 3168 Priorillatuur,
1457 3093 1683 3169 Praesediarunr,
1705 3094 1752 3160 val

137 3219 160 3254 „
185 3197 216 3240 ra
236 3175 481 3249 Constitutione,
511 3176 692 3238 decernimus
712 3218 722 3249 ,
744 3175 925 3252 statuimur,
966 3214 988 3248 rr
1012 3174 1229 3257 Praposrtattrtn
1270 3176 1438 3236 eorumdem
1476 3175 1751 3251 Monalleriorutu,

136 3300 160 3335 2,
184 3259 215 3321 δι
235 3256 433 3331 declaramus,
456 3274 488 3318 ut
508 3255 640 3325 deinceps
660 3273 722 3318 tam
745 3254 926 3337 Regulates,
967 3275 1195 3338 „quocumque
1224 3254 1345 3319 nomine
1364 3252 1572 3338 appellentur,
1606 3255 1754 3320 eledlloui·

139 3381 162 3415 ‚,
183 3357 273 3420 quarn
298 3336 457 3410 saculares,
478 3337 700 3417 quomodolibet
720 3336 870 3418 exempti,
895 3337 927 3398 sr-
968 3377 990 3410 „
1011 3336 1064 3400 bus
1087 3356 1136 3417 per
1167 3335 1221 3411 se,
1255 3333 1300 3398 uel
1351 3356 1381 3398 ar
1409 3333 1499 3399 alium
1532 3337 1687 3411 intercisa,
1720 3355 1754 3402 ac

117 3461 163 3501 3„
187 3442 223 3484 ve
242 3419 405 3481 animarum
427 3436 525 3480 curam
548 3413 732 3499 personarum
755 3414 929 3483 secularium
971 3458 991 3490 „
1014 3417 1155 3499 praesidere
1176 3414 1280 3497 absque
1301 3356 1361 3478 ulla
1380 3432 1479 3481 tamen
1498 3413 1624 3499 ipsorum
1645 3417 1754 3481 Mona·

141 3542 164 3575 „
186 3499 395 3573 Monasleriis,
418 3499 464 3560 seu
490 3498 632 3561 Domibus
651 3498 693 3559 Re
716 3495 856 3574 claribus,
878 3516 930 3560 aut
971 3538 993 3574 „
1015 3497 1165 3560 sletlorunr
1184 3497 1331 3577 impensa.

139 3621 163 3657 „
185 3577 334 3658 quibusvis
353 3579 419 3642 aliis
442 3577 594 3653 Ecclesia,
617 3575 663 3642 rel
724 3575 851 3656 nesciis,
873 3577 931 3642 five
1011 3619 1037 3653 „
1059 3578 1089 3654 §.
1107 3581 1139 3639 d.
1163 3578 1212 3640 Ac
1231 3578 1347 3640 demum
1363 3577 1471 3642 lrabeat
1482 3576 1660 3661 Episcopus,
1683 3594 1759 3641 tatu.

138 3704 161 3736 „
186 3660 370 3725 Saecularibus
391 3661 604 3723 incumbentem
627 3702 637 3733 ,
659 3675 840 3733 exerceautt
871 3659 928 3723 fite
970 3701 992 3735 „
1011 3676 1101 3738 quarn
1141 3655 1222 3719 diua
1252 3658 1331 3722 Sedis
1361 3658 1517 3741 Delegatur
1553 3659 1757 3726 audiorltatem

137 3783 161 3818 „
186 3740 257 3807 alias
287 3741 482 3805 Ecclesrallica
509 3741 728 3815 Sacramenta,
758 3755 808 3803 aut
837 3759 927 3805 urrant
969 3782 990 3816 „
1013 3737 1190 3815 coercendi,
1221 3758 1254 3800 ac
1275 3737 1412 3821 puniendi
1432 3737 1628 3823 quoscumque
1648 3740 1755 3805 Exem-

138 3864 162 3897 „
187 3843 221 3917 ex
257 3822 316 3887 illis
347 3823 509 3918 ministrent
539 3821 647 3904 pratia
669 3817 806 3903 Episcopi
839 3819 927 3917 licen·
969 3864 989 3897 „
1014 3835 1183 3915 P¹0⁸2¹²J⁰
1209 3818 1375 3913 Saeculares,
1397 3839 1486 3901 quam
1510 3819 1684 3901 Regulares,
1703 3819 1758 3904 qul

137 3900 929 4061 1::snil’ltltl‘lssrll‘‚lllltll}22
970 3944 992 4057 ζζ
1011 3899 1169 4044 lillis
1187 3899 1758 4075 iii‘l‘fsslsqll‘llinllimrlelil}

136 4107 159 4142 „
186 4064 244 4128 illis
264 4065 512 4129 administratione
532 4064 567 4127 de
590 4062 664 4126 saslo
686 4058 860 4145 absqueulla
879 4083 928 4125 eu·
970 4058 1354 4137 ,‚1&qucclesirssuts,
1388 4078 1440 4123 aut
1474 4060 1590 4125 suorum
1611 4063 1759 4128 Otdlnum

136 4187 160 4223 „
185 4146 321 4212 dloritate
343 4147 370 4211 se
392 4147 545 4227 ingerant:
568 4143 682 4219 iubis,
704 4163 767 4223 qua
788 4140 928 4216 eiusmodi
970 4183 993 4218 „
1016 4162 1073 4203 nun
1096 4140 1189 4224 petita
1210 4139 1288 4203 illius
1309 4138 1526 4215 Benediclioue,
1547 4141 1670 4237 autlpso
1684 4163 1759 4209 con·

136 4271 159 4303 „
184 4228 292 4292 Curam
315 4273 324 4305 ,
355 4223 695 4308 sedadmiuislrationern
719 4239 897 4287 concernunt
920 4267 930 4301 ‚
974 4265 995 4297 „
1018 4222 1196 4293 tradicente,
1221 4221 1371 4303 praedicare
1392 4220 1644 4306 presumpserinta
1666 4224 1762 4292 ltaut

137 4351 160 4385 „
184 4305 579 4381 omnimodelurisdiclioni,
603 4307 630 4367 V
634 4302 796 4378 isrtationi,
816 4304 931 4367 &Crot-
972 4344 996 4377 „
1019 4300 1156 4398 Episcopi
1179 4302 1207 4364 in
1231 4301 1426 4387 suprascriptis
1444 4302 1573 4380 casibus,
1597 4303 1626 4365 in
1649 4304 1759 4386 pruno·

135 4431 159 4464 „
184 4388 307 4452 redioni
336 4387 498 4457 Dioecesani
532 4384 669 4469 Episcopi
707 4398 858 4466 tamquam
880 4385 928 4448 Se·
969 4425 994 4462 „
1017 4400 1142 4446 manarat
1163 4380 1316 4464 personas,
1340 4382 1531 4467 iupraemislis
1550 4385 1704 4462 omnibus,
1726 4386 1758 4451 de

139 4515 163 4548 ,‚
187 4470 230 4532 dis
243 4462 426 4554 'Apostolics
449 4468 581 4551 Delegati
606 4512 615 4540 ,
634 4467 717 4550 plene
738 4466 768 4528 in
789 4464 928 4528 omnibus
971 4476 992 4545 ,3
1016 4462 1132 4544 singulis
1151 4508 1160 4537 ,
1186 4480 1243 4528 aut
1264 4463 1340 4527 circa
1358 4464 1568 4547 quoquomodo
1588 4464 1757 4548 delinquen·

137 4550 397 4637 „slubjiciautun
417 4550 469 4617 ao
489 4549 548 4615 bac
570 4567 631 4641 taut
645 4547 819 4631 Regulares,
840 4566 931 4631 quarn
973 4586 995 4622 „
1022 4562 1085 4623 tes,
1106 4543 1241 4627 quoties,
1263 4545 1294 4610 br
1313 4546 1428 4631 quando
1449 4566 1523 4630 opus
1541 4544 1645 4621 suerit,
1668 4545 1762 4625 etiam

939 4683 942 4690 ·
1628 4668 1652 4705 rt
1672 4647 1719 4694 ⁸¹·

98 4742 160 4829 „N
