4009 5267
313 108 403 223 298
639 94 1470 196 REGlMEN.

255 230 417 318 eraricum,
439 220 473 288 bt
490 221 612 321 omnino
632 219 807 317 deteriorem
835 219 887 286 else
917 218 1043 317 sormam
1084 211 1136 279 alil
1149 211 1233 311 ssim.
1254 211 1465 309 respicientes,
1496 206 1527 273 lli
1557 206 1687 297 cossagae
1716 211 1779 283 suus
1798 238 1878 288 ottus

253 305 654 464 atellensem
667 300 957 450 „tesselli
975 319 1045 446 sl
1085 292 1656 457 lillllsllilllnrs'zlllss
1669 294 1879 464 ,lexas

258 468 412 533 situram.
433 467 500 532 Nos
508 487 578 543 vero
586 464 715 530 absolute
723 462 940 536 concludimus,
965 463 1046 545 qnod
1086 458 1134 522 sua
1154 454 1237 533 subt,
1260 477 1317 520 non
1337 476 1401 599 qua
1421 391 1598 538 Reipublicz
1616 501 1626 534 ,
1646 476 1679 522 ut
1701 481 1762 525 non
1785 479 1879 545 pauca

260 560 298 616 tr
318 550 401 612 ditiis
428 548 521 613 tribus
554 545 657 609 sormis
687 544 841 621 nobilior,
900 541 1044 623 electior,
1085 536 1221 621 exempla
1239 535 1344 601 demon
1370 552 1434 599 rant
1446 554 1462 611 ¹,
1491 534 1619 621 adeoque
1648 539 1701 605 slat
1730 564 1802 609 vera
1824 564 1882 607 no·

260 631 292 695 ἅ
313 628 491 715 prestantior
512 627 544 688 fit
565 625 658 690 sorrna
689 624 802 707 tegendi
876 625 1046 689 onarcbica.
1086 622 1142 685 llra
1163 618 1325 696 conclusio,
1346 616 1424 698 quod
1446 614 1541 679 sotma
1562 622 1676 699 regendi
1702 622 1884 689 Monarchi-

261 711 310 774 ste
331 713 400 776 telle
418 705 608 771 eruditissimo
628 706 834 783 Bellarmino,
868 724 934 767 tom.
969 726 994 767 r.
1017 704 1052 769 de
1090 722 1126 771 ca
1147 698 1313 783 perfectior,
1335 718 1368 760 ²0
1390 698 1568 840 ppeullemiot
1589 702 1623 763 stt
1644 698 1737 766 forma
1757 704 1883 788 regendi

264 796 390 854 Romano
411 785 565 863 Pontifice,
587 804 648 869 cap.
674 808 702 848 2.
724 802 835 851 veteres
854 807 955 852 omnes
977 787 1049 851 Scri.
1092 781 1317 855 Aritlocrarica,
1338 778 1369 840 dt
1435 796 1612 843 moctatrca.

297 888 359 934 ores
387 866 531 942 Hebraei,
565 867 660 931 (itaci
686 912 695 939 ,
728 866 826 930 Latini
844 913 854 945 ,
874 867 1046 950 Theologi,
1129 861 1194 924 Nec
1214 860 1294 926 valet
1315 859 1469 947 objicere,
1499 859 1578 955 quod
1614 858 1877 931 rinolentiae.
1905 886 1940 934 tt

260 984 266 1001 ι
309 949 452 1030 ilusophi,
473 949 633 1024 Oratores,
654 946 821 1023 Historici,
856 968 889 1011 ac
922 949 1046 1024 Poeta,
1089 946 1162 1027 Reg.
1183 957 1243 1023 cap.
1266 942 1296 1003 8.
1317 956 1447 1022 petentes
1466 938 1517 1003 fibi
1537 940 1600 1004 dati
1630 940 1658 1005 R
1713 964 1770 1022 tn,
1801 952 1878 1012 Con·

262 1048 336 1115 quos
355 1030 395 1093 lbi
416 1029 452 1091 etl
466 1026 595 1110 ‘longum
616 1027 754 1103 adducit,
775 1029 807 1092 bt
827 1050 880 1094 nos
896 1028 1049 1095 brevitatis
1080 1025 1165 1105 Iiirue
1185 1019 1263 1085 nobis
1285 1026 1388 1102 Regem
1409 1064 1417 1084 .
1439 1065 1447 1082 .
1469 1064 1478 1083 .
1501 1064 1510 1084 .
1530 1020 1658 1086 mauis
1698 1046 1790 1107 egem,
1811 1028 1877 1095 sue·

262 1110 357 1193 gratia
377 1107 451 1193 apud
472 1108 564 1189 ipsum
587 1109 725 1174 videndos
745 1109 962 1191 relinquimus,
986 1110 1047 1176 bre-
1088 1105 1147 1167 rint
1167 1122 1185 1164 a
1205 1102 1335 1166 Samuele
1358 1100 1501 1184 Propheta
1520 1124 1557 1167 ea
1579 1121 1661 1187 perte
1685 1102 1740 1168 Dei
1771 1111 1876 1175 acriter·

263 1189 397 1273 nitetque
419 1189 543 1254 rationes
562 1191 732 1274 pronollta
760 1188 902 1256 sententia
932 1190 1049 1254 adduci·
1092 1184 1277 1268 rqrrehenfi,
1319 1182 1458 1273 adeoque,
1476 1184 1617 1267 Regimen
1650 1182 1880 1254 Monarcbicutu

265 1290 349 1336 mne.
1091 1264 1192 1329 debeat
1213 1264 1310 1347 potius
1327 1262 1433 1327 censeri
1453 1264 1651 1328 damnandum
1669 1308 1680 1343 ,
1701 1287 1789 1348 quarn
1812 1270 1882 1333 aliie

179 1356 187 1422 l
208 1367 246 1413 to
305 1352 450 1417 Probatur
468 1350 559 1434 igitur
577 1353 672 1417 nollra
690 1350 861 1427 conclusio,
889 1352 961 1493 Boia
991 1352 1046 1416 Re·
1087 1342 1312 1431 ptaesetsndum·
1334 1348 1405 1408 Non
1426 1343 1525 1441 ”stry
1547 1345 1696 1426 sssqmffls
1727 1350 1799 1431 quie
1819 1369 1881 1413 ⁰0¹¹

265 1431 363 1516 gimen
386 1432 613 1497 Monarcbicum
636 1429 866 1514 perseiiiffimum
919 1434 944 1496 ei
961 1434 1002 1496 Re
1025 1434 1047 1494 i·
1090 1427 1205 1490 fuerunt
1234 1424 1392 1507 reprehensi
1424 1423 1558 1489 Israelita
1589 1427 1697 1510 Regem
1727 1447 1878 1512 petentes,

264 1526 331 1577 men
353 1513 521 1585 imitatum
555 1513 625 1577 ficut
645 1514 723 1577 enim
745 1512 849 1576 omnia
879 1510 965 1576 solius
997 1454 1052 1577 gei
1088 1506 1171 1605 'quast
1200 1507 1287 1590 Regis
1318 1506 1459 1649 Regimen
1490 1506 1557 1570 esset
1586 1508 1789 1593 culpandum,
1811 1532 1880 1576 corn

228 1612 232 1621 ·
265 1590 433 1675 Regimini,
456 1595 486 1654 u
506 1593 634 1735 imperio
657 1592 833 1670 subjacent,
862 1594 899 1657 fic
921 1594 950 1657 in
983 1599 1051 1658 Mo·
1093 1586 1213 1664 ipsemet
1242 1591 1321 1651 Deus
1384 1606 1444 1668 egts
1477 1588 1505 1650 R
1542 1608 1590 1651 um
1611 1608 1721 1655 nornen
1739 1591 1791 1657 libi
1813 1595 1881 1659 vin·

264 1674 383 1739 ttatclria
412 1690 514 1737 ornnes
557 1672 649 1738 ubditi
682 1674 823 1758 Principis
862 1673 1051 1739 Monarchici
1089 1666 1199 1741 dicet3
1229 1669 1282 1733 Sed
1301 1666 1411 1731 idcirco
1445 1686 1510 1755 repr
1546 1669 1604 1745 eufi
1633 1667 1779 1752 suerunt,
1809 1675 1883 1757 quie

264 1753 391 1837 Legibus
410 1756 634 1851 obtemperant.
654 1752 735 1818 Turn
756 1757 824 1836 quia
844 1753 1049 1818 hancMonar·
1091 1752 1226 1830 ablegato
1248 1747 1303 1813 Dei
1325 1748 1479 1831 Regimine
1497 1767 1548 1830 per
1569 1749 1682 1829 Duces,
1702 1750 1878 1841 dtJudicee,

263 1834 379 1899 cbicam
403 1835 567 1918 Regimrnis
586 1833 710 1899 sormam
736 1834 811 1900 Deus
830 1833 1052 1919 ipseconllituit
1092 1829 1173 1894 nullo
1193 1829 1283 1892 modo
1303 1851 1322 1892 a
1342 1829 1452 1925 pppulo
1473 1829 1524 1892 fibi
1545 1826 1689 1910 subiesio,
1710 1832 1756 1898 sed
1776 1857 1795 1899 a
1814 1836 1880 1902 solo

264 1916 375 1999 populo
409 1916 556 1992 ludaico,
587 1917 662 1999 apud
680 1936 768 1997 quem
804 1917 847 1979 uti
879 1916 1051 1979 Monatcbi·
1090 1930 1166 1975 nutu
1195 1912 1283 1993 Regis
1317 1908 1371 1973 Der
1397 1909 1554 1992 pendeam
1577 1913 1709 1979 exercito
1728 1917 1875 1997 petebant

265 1995 294 2059 ci
317 1997 464 2080 Principes
484 1998 526 2061 im
549 2016 663 2061 eraront
685 1996 782 2079 primo
805 1996 997 2075 Patriarrltae,
1019 2014 1054 2062 ut
1094 1995 1156 2056 dari
1175 1990 1227 2063 fibi
1248 1994 1378 2073 Regem,
1396 1989 1512 2071 qualem
1531 1992 1669 2058 universa
1687 1994 1795 2063 babent
1825 2022 1878 2065 na·

266 2077 437 2154 Abraham,
459 2017 567 2153 lacos,
588 2077 696 2155 ludas,
715 2078 748 2142 ἀ
769 2077 938 2148 ceterialii;
966 2078 1052 2142 Dein·
1092 2075 1206 2150 tiones,
1225 2066 1272 2136 ibi
1290 2094 1366 2134 num.
1391 2093 1419 2151 5.
1439 2072 1572 2150 constitue
1589 2073 1668 2137 nobis
1686 2080 1816 2158 Regem,
1837 2098 1874 2142 ue

267 2156 302 2220 de
325 2157 434 2234 Duces,
458 2175 491 2221 ut
511 2158 657 2239 Moyses,
690 2156 775 2230 Josue
798 2200 808 2233 ,
829 2156 860 2221 dt
881 2157 952 2222 alii.
971 2159 1054 2222 Tum
1088 2155 1202 2250 judicet
1221 2174 1287 2230 not,
1305 2153 1377 2230 ficut
1398 2152 1435 2215 Φ
1451 2155 1582 2233 univesae
1600 2152 1702 2217 babent
1720 2163 1869 2241 wimer,

266 2237 396 2313 ludices,
419 2254 450 2302 ut
471 2238 605 2314 Samuel,
626 2235 765 2322 Sampson
786 2239 818 2302 de
838 2236 923 2301 alii.
955 2239 1055 2305 Pollea
1094 2236 1163 2300 rdest
1183 2236 1235 2318 qui
1276 2232 1396 2318 apulum
1417 2251 1515 2314 regat,
1537 2254 1595 2296 non
1612 2256 1650 2298 er
1681 2256 1753 2303 nutu
1788 2228 1867 2317 Del,

266 2319 376 2399 Reges,
400 2332 432 2381 ut
451 2318 535 2394 Saul,
560 2316 656 2382 David
675 2364 685 2395 ,
705 2319 874 2391 Salomon3
903 2317 1052 2383 Postremo
1092 2313 1137 2381 sed
1159 2334 1213 2398 pro
1256 2335 1294 2379 oo
1328 2313 1531 2397 benepltt'ttos
1554 2314 1593 2383 r&
1620 2318 1775 2398 Negrlu'ss
1807 2319 1872 2383 alliu

266 2396 373 2462 iterum
396 2398 514 2471 Duces,
533 2415 566 2461 ut
588 2398 777 2476 zorobabel,
812 2400 843 2461 ἃ
867 2398 1051 2464 Macbabai·
1091 2393 1230 2459 institutis
1252 2438 1264 2470 ,
1285 2416 1347 2478 qua
1367 2393 1480 2458 audere
1510 2390 1638 2456 Diabolo
1668 2398 1795 2459 barbara
1815 2441 1824 2471 ,
1844 2398 1876 2460 dt

266 2478 419 2543 Abrabam
440 2480 518 2543 enirn
541 2481 638 2561 Graes.
664 2501 710 2557 ¹4·
732 2480 787 2543 line
819 2478 938 2551 alicujus
969 2482 1053 2545 Sena·
1096 2476 1256 2540 idololatra
1277 2475 1384 2541 babent
1395 2476 1547 2552 nationes,
1567 2477 1729 2557 atquenlur
1751 2493 1824 2549 ant;
1844 2492 1877 2540 nt

266 2576 333 2635 tus,
355 2579 405 2623 aut
428 2560 617 2642 Magistratus
638 2560 826 2644 dependentia
854 2558 967 2623 bellum·
994 2559 1053 2645 ges·
1092 2559 1169 2622 clare
1190 2554 1339 2640 colligitur
1357 2562 1393 2622 'ex
1416 2554 1538 2639 ipsamet
1558 2553 1719 2619 Dominis
1756 2557 1877 2621 Samue-

266 2640 299 2702 fit
320 2639 452 2704 adversus
472 2657 598 2721 quatuor
618 2638 711 2725 Reges
729 2684 738 2701 ·
759 2640 846 2713 ludas
876 2642 972 2722 Graes.
1006 2642 1054 2723 38.
1093 2639 1155 2701 lem
1177 2636 1376 2720 responsore,
1397 2640 1483 2702 Dixit
1503 2653 1601 2701 mem
1615 2638 1751 2703 Dominus
1768 2636 1808 2699 ad
1825 2640 1879 2699 Sa·

265 2721 300 2782 de
322 2719 349 2784 se
369 2721 430 2784 solo
452 2741 555 2785 nurum
579 2719 688 2798 suam,
744 2744 809 2785 uam
841 2722 928 2806 llupri
963 2721 1054 2787 suerat
1094 2719 1234 2791 muesems·
1254 2719 1436 2782 Μίνω
1448 2716 1548 2802 pvpuss
1575 2720 1606 2779 ἢ*
1634 2717 1787 2794 mnibus,
1817 2741 1892 2801 Μ

265 2799 413 2876 accusata,
438 2801 498 2881 igni
518 2742 857 2885 adjudicavirflroysee
886 2806 979 2866 Exodi
1002 2825 1052 2884 32.
1091 2800 1237 2883 loquum
1255 2799 1332 2862 tibi:
1355 2805 1418 2865 Non
1435 2796 1732 2889 enimteab'eterrmt,
1749 2798 1876 2879 sedne,

266 2897 300 2945 ut
319 2902 403 2945 verus
423 2880 455 2944 dt
477 2878 605 2945 summus
627 2884 762 2967 Princeps
781 2876 882 2967 pdpuli
915 2884 1054 2948 Hebraici
1090 2904 1127 2944 ne
1144 2901 1255 2962 regnem
1269 2885 1431 2964 jepeeeor.
1453 2881 1562 2953 Hruci
1654 2880 1732 2945 Deus
1748 2878 1877 2944 &nudi
1901 2891 1938 2936 12

267 2982 325 3024 una
346 2962 393 3025 dle
412 2959 507 3026 occidi
536 2960 614 3039 jussit
643 2963 696 3027 illa
716 2980 764 3028 tor
793 2964 888 3027 millia
918 2965 1054 3028 Hebruo·
1092 2977 1128 3026 ut
1147 2977 1245 3026 narret
1265 2983 1340 3027 caco
1370 2961 1479 3047 populo
1508 2961 1595 3039 quale
1621 2963 1667 3035 ius
1694 2959 1880 3044 usurpaturus

262 3043 426 3124 rusn,qui
447 3061 600 3108 erexerunt
619 3045 747 3108 uitulum
769 3064 917 3117 aureum3
951 3045 1054 3128 Sitque
1094 3043 1129 3106 fir
1148 3044 1236 3120 Rex,
1255 3042 1331 3123 (a)
1348 3062 1439 3125 quent
1457 3040 1581 3103 similem
1605 3041 1732 3125 Regibus
1749 3042 1876 3104 aliarum

265 3122 325 3186 circi
345 3124 438 3206 potell
459 3124 534 3186 idern
556 3125 681 3186 omnino
702 3126 736 3188 de
757 3124 925 3200 iudicibus,
970 3127 1054 3190 uide
1095 3124 1248 3207 nationum
1269 3124 1430 3222 petebant,
1451 3120 1561 3185 Praedic
1579 3121 1618 3184 est
1634 3125 1686 3206 jes
1706 3126 1792 3206 Regis
1811 3121 1881 3197 oe,

268 3202 295 3266 se
316 3204 372 3266 fine
392 3204 452 3291 ulla
472 3204 509 3266 ab
529 3203 596 3266 aliis
615 3205 835 3287 dependentia,
860 3210 890 3270 &
912 3147 987 3269 besa
1002 3229 1055 3290 ge·
1095 3204 1248 3281 Quodjus
1269 3204 1371 3268 rurali
1392 3203 1460 3268 loco
1495 3222 1552 3264 non
1582 3203 1620 3265 cll
1656 3202 1879 3285 intelligendum

265 3286 384 3358 rebant,
406 3284 437 3344 a
459 3304 520 3346 teos
543 3285 633 3347 motti
654 3285 855 3356 adjudicabant
877 3331 888 3363 ,
911 3288 953 3349 uti
972 3302 1054 3370 patet
1092 3287 1131 3349 de
1149 3306 1239 3361 vero,
1260 3306 1294 3349 ac
1314 3286 1408 3361 justo,
1432 3284 1477 3348 sed
1496 3283 1531 3345 de
1552 3281 1751 3366 usurparitio,
1781 3286 1812 3347 dt
1834 3285 1881 3348 iu·

258 3366 357 3445 Judic.
380 3365 410 3425 8.
432 3363 467 3425 de
488 3364 607 3428 Gedeon
628 3410 637 3437 ,
669 3366 720 3445 qui
741 3366 803 3448 poli
833 3366 986 3429 visleriarn
1016 3369 1053 3432 de
1093 3365 1186 3442 iulio,
1207 3383 1241 3429 ut
1257 3367 1374 3448 optime
1389 3366 1478 3429 ,docet
1498 3362 1616 3427 Sanetus
1634 3364 1768 3427 Thomas
1780 3363 1834 3427 lib.
1847 3386 1880 3444 3.

263 3445 441 3508 Madianitis
460 3446 571 3507 occidit
590 3441 773 3526 septuaginta
793 3447 873 3511 viros
894 3447 981 3512 Urbis
1001 3449 1052 3511 So·
1093 3450 1129 3508 de
1152 3448 1296 3526 Regimine
1317 3448 1460 3529 Principis
1479 3460 1539 3527 cap.
1554 3445 1677 3540 rusb)
1700 3445 1740 3509 Θ
1753 3466 1882 3527 μιᾳ.

264 3525 354 3599 coth,
376 3527 406 3587 bt
428 3525 532 3589 turrim
558 3522 683 3589 Phanuel
695 3524 851 3590 subvertit.
870 3530 950 3590 Tun't
961 3531 1051 3595 etiam
1098 3546 1164 3606 105.
1183 3533 1260 3606 vers.
1286 3549 1312 3590 t.
1334 3528 1374 3592 o
1397 3548 1424 3589 a.
1446 3528 1476 3590 dt
1498 3526 1565 3587 telle
1584 3526 1693 3590 Tttinu
1714 3526 1882 3609 incincap.

263 3606 334 3689 quia
355 3605 521 3669 Monarcba
551 3604 667 3687 respicit
694 3608 805 3671 bonurn
839 3609 955 3692 Regni,
974 3628 1051 3673 tam·
1093 3606 1123 3670 8.
1144 3608 1261 3673 Sanslus
1277 3607 1457 3692 Gregorius,
1481 3608 1669 3682 cajetanus,
1701 3605 1878 3686 abiimus,

258 3706 354 3767 quam
376 3685 455 3749 suum
477 3687 646 3769 proprium,
670 3687 761 3770 fitque
777 3709 882 3763 omnes
912 3689 973 3755 suas
1004 3690 1051 3754 vi·
1093 3687 1125 3752 ἃ
1146 3688 1306 3766 Vatablus,
1328 3709 1362 3752 ac
1381 3688 1432 3750 alii
1451 3685 1581 3771 pellitae
1600 3684 1879 3765 Jusmimnerum,

265 3787 327 3842 res,
348 3767 380 3829 δι
401 3788 481 3830 curas
499 3767 646 3850 impendit
666 3768 702 3830 ad
723 3768 796 3830 illud
825 3769 1052 3847 defendendum,
1094 3769 1126 3831 δι
1158 3768 1262 3843 jusum
1294 3771 1407 3852 Regum
1442 3767 1628 3850 regulandum
1657 3769 1699 3831 eli
1726 3770 1810 3841 iuxta
1838 3767 1881 3833 le·

265 3865 299 3910 ac
321 3846 394 3910 reste
415 3850 539 3929 julieque
560 3848 734 3930 regendum
758 3849 790 3910 ln
814 3851 969 3933 Regimine
1001 3872 1052 3915 au·
1094 3870 1144 3931 ges
1163 3849 1200 3913 ab
1219 3851 1261 3915 eis
1280 3849 1469 3917 observandas
1487 3844 1883 3932 prescriptaeDeatetemmie‘

265 3944 328 3988 tem
349 3925 576 4003 Arillocratico,
598 3929 631 3992 dt
654 3929 882 4006 Democratico,
904 3932 951 3994 ubi
975 3932 1050 3995 mul·
1094 3947 1153 4012 cap.
1180 3951 1228 4008 ¹7·

266 4007 290 4068 ti
312 4023 437 4088 regunt,
460 4006 585 4073 nascitur
606 4010 760 4074 ambitiosa
791 4012 943 4076 contentio
976 4012 1053 4075 inter
1133 4012 1243 4073 Forma
1274 4010 1388 4093 regendi
1415 4010 1540 4095 politica
1573 4030 1623 4093 per
1652 4008 1764 4092 aliquos
1790 4009 1937 4106 quin-13

266 4086 365 4168 ipsos,
386 4087 430 4150 ita
446 4105 483 4152 ut
500 4087 555 4152 alii
574 4087 648 4154 alios
668 4090 829 4176 impediant
847 4137 858 4170 ‚
879 4109 931 4157 aut
952 4089 1051 4156 saltem
1090 4089 1194 4174 auplex
1212 4091 1428 4174 distinguitur,
1460 4089 1578 4166 adresiis
1607 4090 1743 4158 videlicet
1774 4090 1883 4188 prspe-

1759 4188 1839 4250 ttca,

304 4330 377 4410 (a)
399 4327 454 4392 Seu
474 4330 571 4410 potius
589 4333 626 4395 ‘ad
649 4335 758 4417 Regem
778 4333 957 4414 pertineret.
979 4331 1051 4399 Vid.
1071 4333 1184 4397 Bossuet
1203 4333 1340 4399 admonit.
1361 4359 1391 4401 n.
1411 4332 1452 4397 ad
1471 4333 1583 4415 Protesi.
1603 4356 1681 4401 num.
1705 4335 1754 4419 38.
1769 4331 1819 4400 ubi
1833 4355 1883 4401 te·

190 4448 195 4457 ι
264 4428 326 4471 rum
349 4412 394 4482 ius
415 4410 503 4491 Regis
523 4411 571 4474 ltic
593 4413 712 4478 describi
733 4416 884 4481 euidenter
902 4416 1044 4480 ollendit.

277 4568 282 4580 ⁶
302 4487 369 4569 (b)
390 4491 651 4557 Animadvertend.
671 4515 738 4581 cum
760 4494 873 4559 doniis.
885 4496 1037 4572 Ecbardo,
1060 4492 1195 4558 Bibliorh.
1210 4500 1309 4579 stripe.
1323 4495 1426 4561 ordin.
1438 4495 1884 4580 Praedie.tertium&quartutu

265 4566 369 4632 librum
391 4573 424 4635 de
446 4571 601 4655 Regimine
626 4575 812 4659 Principum,
834 4574 932 4641 saturn
955 4598 1011 4639 non
1035 4575 1085 4640 esse
1106 4575 1200 4638 Sansii
1221 4578 1369 4643 Tboma.
1393 4580 1442 4643 lta
1462 4578 1513 4642 ille
1534 4580 1816 4666 Tm.1.pag.33e.
