4009 5267
521 110 1384 246 'REGULARE83Anr'.1.
1624 180 1708 269 5„

137 306 161 343 „
180 256 320 334 naslerio,
341 251 469 329 Domui,
492 269 540 315 aut
563 251 627 315 loco
648 248 808 333 acquisita,
830 252 925 331 eique,
965 250 1138 328 „tionibus
1168 250 1316 333 quibusvis
1344 251 1504 350 personis,
1533 274 1596 327 iam
1631 265 1758 344 ,jusdem

139 385 160 420 „
182 360 215 407 ut
236 342 271 406 ad
293 338 407 403 libitum
429 336 464 419 de
486 335 522 397 iis
542 332 699 416 disponat,
722 353 773 413 per
793 331 925 414 Superio·
965 372 986 408 „
1008 331 1154 407 Ordinis,
1176 333 1450 429 congregationis,
1470 337 1642 409 Monallerii
1662 391 1672 423 ,
1696 350 1757 415 Do„

138 466 160 503 „
183 444 227 488 res
247 416 375 485 concessa¹
396 415 502 481 fuerint
520 429 748 496 ,praeterquam
771 411 883 476 leviora
902 434 930 476 e·
969 456 991 490 „
1014 433 1100 489 mus,
1123 428 1173 475 aut
1194 413 1251 476 loci
1273 458 1282 491 ,
1304 435 1392 497 quam
1415 420 1557 485 extraneis
1577 423 1760 508 largiendis,

138 546 161 583 „
183 502 338 574 sculenta,
369 514 420 561 aut
439 494 625 592 poculenta,
657 491 702 557 feu
731 493 766 554 ad
796 491 929 557 devotio·
968 535 990 571 „
1012 509 1062 557 aut
1080 512 1137 636 pro
1157 493 1323 560 exhibendis
1344 494 1507 579 spedlaculis
1526 500 1616 565 ‘etiam
1638 507 1698 586 piis
1715 510 1759 571 in-

139 625 161 660 „
184 602 279 653 nem,
311 577 359 642 uel
382 577 565 658 Religionem
587 574 761 654 pertinentia
781 572 930 636 munusca·
968 592 1058 652 „tta
1107 572 1253 652 cclesias,
1282 574 1489 655 Monalleria,
1522 581 1553 644 δι
1575 584 1687 649 Domo,
1717 587 1759 652 fg,

137 702 160 738 „
183 660 211 722 la
230 658 382 723 communi
403 676 519 722 tantum
540 701 549 732 ,
571 673 730 735 numquam
750 673 821 719 vero
841 655 929 735 parti.
967 698 990 731 „
1012 675 1091 730 cm,
1114 653 1159 718 se,
1180 655 1262 737 9325,
1283 655 1330 719 νει
1351 674 1432 720 ,ma
1452 679 1517 735 m,
1540 663 1569 725 in
1583 664 1688 747 quibus
1707 688 1760 751 pm

137 783 160 818 „
180 740 271 802 culati
293 738 413 804 nomine
435 736 518 881 ium
547 734 693 817 Superiori
724 733 761 800 de
792 732 927 798 consensu
966 779 989 811 „
1011 736 1112 811 blicis,
1135 753 1183 798 aiit
1205 735 1348 818 privatis,
1371 736 1473 815 sacris,
1496 759 1546 804 aut
1566 744 1695 826 profanis
1715 749 1759 810 10.

136 820 352 897 „Conventus
374 818 439 884 vide
462 818 521 880 itur
542 818 557 893 )
577 813 733 878 tradenda.
966 860 987 892 ,‚
1013 816 1073 892 cis,
1095 816 1184 880 etiam
1206 816 1255 879 ubi
1276 816 1463 895 Sannorum,
1484 822 1691 890 &Saniiaium
1713 828 1759 892 vi·

181 944 200 975 „
221 901 250 976 §·
275 917 301 978 3.
324 897 379 962 Sed
408 899 439 960 δι
469 890 808 973 hujusmodi‘miliiones
828 915 925 959 muna
965 939 987 974 „
1009 913 1060 972 ta,
1080 915 1130 960 aur
1153 916 1195 958 res
1216 897 1263 978 pie
1284 897 1386 978 gesta,
1420 899 1509 963 etiam
1531 902 1562 964 in
1585 907 1759 972 memoriam

136 1022 160 1058 „
183 999 246 1041 rum
268 978 333 1062 ipfis
352 977 504 1060 Religiosis
536 974 700 1048 utriushbet
722 975 829 1052 setus,
866 995 926 1037 non
964 1020 987 1054 „
1008 973 1147 1040 Passionis
1168 975 1329 1040 Dominicae
1360 980 1476 1061 populis
1507 980 1661 1064 spasiandai
1690 1007 1759 1071 pro-

137 1104 161 1139 „
183 1058 274 1122 solum
296 1058 421 1142 perse,
451 1078 553 1123 vetum
584 1058 672 1120 etiam
695 1075 746 1151 per
773 1054 846 1119 alios
867 1072 929 1119 tam
969 1100 991 1134 „
1013 1074 1193 1141 ponuntur,
1223 1073 1274 1120 aut
1294 1058 1365 1120 alias
1387 1058 1416 1120 iii
1438 1064 1610 1143 prodidis,
1641 1069 1759 1133 fingit,

139 1184 161 1219 „
183 1138 288 1205 disesia
309 1184 319 1215 ,
348 1160 438 1222 quam
458 1134 594 1202 indrede
621 1135 784 1221 prohibitas
804 1135 929 1200 declara·
969 1181 991 1214 „
1013 1134 1160 1216 quibusvis
1182 1137 1263 1200 rebus
1292 1136 1503 1219 supervacaneis
1533 1148 1568 1207 ad
1589 1166 1764 1231 pompam,

138 1262 161 1301 n
183 1241 265 1284 Μ·
967 1261 989 1294 „
1010 1220 1041 1279 ds
1074 1217 1328 1290 ostentationem,
1359 1234 1410 1281 aut
1438 1224 1474 1285 ad
1502 1224 1759 1304 ohledlationem,

178 1346 201 1378 ‚,
222 1304 252 1378 §.
274 1321 304 1377 4.
328 1302 434 1381 hicque
454 1319 524 1365 veto
544 1294 688 1380 quispiam
710 1296 822 1361 abhas
843 1318 927 1391 gene·
967 1341 991 1374 „
1011 1296 1057 1361 vel
1080 1316 1236 1378 paucorum
1260 1297 1395 1374 lucrum,
1416 1299 1446 1362 δι
1467 1304 1583 1384 privat,
1602 1308 1760 1370 commod,

140 1426 163 1462 „
184 1382 237 1444 tali
258 1381 436 1464 proihitione
456 1380 483 1444 se
503 1377 634 1442 excusare
664 1379 760 1443 valeat
778 1423 787 1452 ,
805 1377 930 1442 'etiamfr
967 1421 993 1454 „
1011 1376 1234 1519 quomodolibet
1251 1378 1479 1461 pertinentibus,
1501 1385 1552 1447 nisi
1574 1407 1603 1451 η
1624 1387 1683 1470 195²
1703 1407 1760 1470 pto

138 1508 161 1541 „
185 1481 303 1527 munera
324 1460 434 1525 miserit
466 1460 559 1524 cuivis
581 1457 709 1522 Persona
730 1459 850 1533 laicas,
882 1454 929 1522 vel
969 1502 991 1535 „
1032 1457 1116 1521 ivino
1134 1457 1233 1536 cultu,
1256 1460 1287 1520 di
1306 1458 1382 1523 veiis
1405 1459 1513 1523 Chtilli
1535 1485 1691 1548 pauperum
1716 1470 1759 1530 ῑῃ.

139 1588 162 1622 ,,
182 1542 379 1607 Ecclefiassicae
408 1540 553 1615 cuiuscum
577 1560 612 1602 ue
641 1540 754 1614 ssatus,
795 1538 928 1619 gradus,
967 1582 989 1615 „
1012 1537 1175 1620 digentiis,
1206 1536 1317 1602 servato
1339 1536 1369 1600 in
1391 1537 1446 1603 lior
1467 1543 1607 1611 Caritatis
1625 1548 1760 1623 ordine,

138 1669 161 1703 „
181 1623 356 1705 dignitatis,
376 1621 506 1698 ordinis,
527 1560 574 1685 vel
594 1619 787 1694 conditionis,
810 1619 841 1682 a
860 1638 929 1760 <pa-
969 1661 990 1696 ‚,
1012 1619 1043 1681 dr
1063 1616 1352 1685 habitanecelfitatis
1373 1621 1513 1700 ratione,
1544 1626 1579 1691 d,
1607 1627 1760 1703 confluo,

139 1750 162 1785 „
186 1705 258 1779 vis,
279 1725 337 1766 non
361 1701 454 1766 solum
478 1698 640 1774 mundana,
662 1701 693 1763 bt
715 1698 851 1775 Ducali,
902 1720 931 1760 e·
969 1741 991 1776 „
1015 1698 1048 1761 δι
1065 1696 1200 1763 consensu
1221 1698 1405 1778 Superiotum
1427 1699 1606 1771 sublevandis
1627 1751 1636 1783 ,
1658 1726 1708 1772 aut
1728 1728 1758 1770 a·

139 1831 162 1866 „
205 1785 257 1859 ia,
282 1785 328 1846 lm
351 1782 455 1859 eriali,
477 1803 579 1847 verum
600 1781 688 1844 etiam
711 1779 933 1853 Eccleliellica,
972 1821 994 1855 „
1016 1776 1070 1842 lias
1091 1777 1121 1839 in
1143 1779 1224 1843 rebus
1244 1779 1334 1842 licitis
1350 1780 1414 1853 ,'&
1433 1801 1484 1865 pet
1504 1786 1677 1868 Capitulum
1699 1786 1758 1852 Ge·

139 1913 162 1946 ‚,
236 1804 422 1937 pontificali,
446 1880 496 1926 aut
518 1861 575 1925 alia
597 1861 699 1933 majori
720 1904 729 1934 ,
751 1860 840 1923 etiam
861 1860 931 1919 San·
969 1902 992 1937 „
1014 1856 1132 1934 nerale,
1153 1876 1203 1923 aut
1224 1859 1408 1924 Provinciale
1429 1882 1487 1927 noti
1510 1866 1691 1948 prohibitis,
1711 1866 1760 1931 vel

139 1991 162 2026 „
182 1946 233 2006 sia
255 1947 394 2007 Romana
416 1943 548 2004 Ecclesia
568 1940 769 2005 Cardinalarus
789 1936 933 2018 dignitate
970 1981 992 2016 „
1013 1939 1129 2003 Taxarn
1151 1939 1192 2002 ibi
1212 1936 1303 2002 forsan
1326 1938 1518 2024 prescriptam
1540 1967 1599 2010 aon
1620 1950 1758 2013 exceden-

139 2072 163 2106 ‚,
185 2024 378 2105 fulgentibus,
409 2022 499 2084 etiarn
521 2022 639 2102 proprio
661 2018 717 2082 loci
738 2018 925 2092 Ordinatio,
966 2062 988 2095 „
1009 2019 1105 2095 tibus,
1127 2015 1260 2100 sumptus
1278 2018 1442 2095 hujusmodi
1463 2023 1558 2088 fiant,

138 2148 162 2184 „
182 2104 271 2167 etiam
293 2123 330 2163 ex
350 2097 461 2179 causa,
475 2103 505 2160 δι
527 2100 672 2163 occafione
691 2097 896 2160 beneditione
916 2138 926 2171 ,
1007 2143 1029 2176 ‚,
1049 2101 1080 2176 §.
1102 2100 1130 2161 6.
1155 2097 1336 2164 Declarantes
1356 2118 1481 2173 tamen,
1512 2124 1562 2188 per
1582 2105 1641 2169 1122
1662 2105 1760 2171 lauda.

139 2226 163 2262 „
184 2179 230 2245 vel
261 2177 447 2262 susceptionis
467 2178 593 2241 Habitus
614 2176 764 2258 Regularis
786 2220 796 2253 ,
816 2175 930 2241 Tonsu·
970 2178 1123 2255 „bilem
1146 2179 1177 2242 dt
1197 2178 1367 2264 Apollolica
1384 2181 1531 2260 uomina,
1555 2184 1760 2268 lacrimueca.

138 2305 162 2344 „
183 2282 220 2324 rae
246 2304 255 2333 ,
285 2278 335 2324 aut
358 2257 538 2323 Profeffionis
559 2258 768 2333 Monialium,
797 2273 860 2320 tam
881 2255 932 2318 sibi
969 2301 991 2336 „
1014 2259 1137 2323 nonihus
1157 2260 1390 2325 commendatam
1412 2262 1763 2351 liospiit„1.3„„m„pmh

140 2387 163 2421 „
185 2341 381 2414 subditarum,
401 2360 490 2420 quam
512 2359 569 2399 non
591 2337 785 2411 subditarum,
809 2353 858 2399 aiut
880 2335 932 2417 ipsi
971 2379 993 2415 ‚,
1015 2338 1115 2404 sertim
1134 2360 1201 2421 erga
1222 2350 1383 2424 pauperes,
1414 2344 1445 2406 aa
1516 2346 1629 2428 egiinos
1650 2368 1756 2428 nequa·

139 2464 163 2502 „
185 2422 275 2487 etiam
307 2418 426 2503 proprio
446 2418 593 2493 Ordinis,
621 2418 667 2481 vel
690 2416 932 2499 congregationis
971 2461 993 2494 „
1035 2441 1103 2483 uam
1126 2420 1291 2496 imminui,
1313 2438 1364 2484 aut
1384 2364 1529 2503 promiti}
1554 2472 1563 2490 ,
1585 2427 1765 2501 Quinimmo

139 2545 165 2582 ‚,
188 2501 369 2573 Proteslori,
392 2500 485 2564 Vice·
502 2496 685 2571 Proteflori,
707 2496 863 2571 Generalis,
886 2493 934 2592 Yel
973 2542 994 2574 ιι
1014 2439 1037 2561 ii
1056 2500 1107 2580 qui
1130 2500 1254 2563 redditus
1274 2501 1309 2562 ad
1331 2502 1391 2578 id,
1419 2504 1468 2567 vel
1496 2528 1532 2571 ait
1562 2504 1729 2570 fundatione
1752 2552 1765 2584 ,

139 2624 165 2661 „
188 2578 366 2645 Prouinciali
389 2624 399 2656 ,
422 2598 472 2643 aut
492 2576 616 2653 cujusvis
636 2578 831 2654 Monalleiii,
853 2578 932 2639 Ptio
974 2622 996 2657 „
1016 2578 1061 2643 vel
1083 2602 1119 2642 ex
1142 2580 1308 2655 institutis,
1330 2582 1461 2661 slatutis,
1481 2604 1531 2651 aut
1552 2585 1761 2652 consuetudini·

140 2704 165 2740 ‚,
188 2681 283 2735 tatus,
307 2660 418 2723 Domm
437 2703 447 2735 ,
468 2676 518 2723 aut
540 2657 691 2732 cujuslibet
722 2658 840 2722 alterius
859 2656 932 2720 loci
971 2704 993 2736 „
1015 2660 1066 2722 hus
1086 2652 1248 2740 aliquorum
1270 2652 1550 2742 Monasleriorum,
1583 2668 1763 2745 Ordinum,

139 2784 165 2821 „
188 2745 231 2804 lle
252 2742 339 2805 ularis
357 2738 530 2822 Superiori,
560 2756 609 2801 aut
630 2738 728 2819 aliquo
750 2756 933 2833 quocumque
971 2783 992 2817 „
1015 2759 1065 2802 aut
1094 2741 1280 2821 Regulaiium
1312 2741 1474 2817 hujusmodi
1505 2748 1674 2824 incorum,
1711 2765 1764 2813 aut

141 2864 165 2900 ‚,
186 2766 325 2897 orricio,
357 2841 502 2895 munere,
533 2836 582 2882 aot
605 2818 756 2899 Dignitate
776 2818 896 2897 fulgenti
923 2864 933 2893 ,
973 2864 996 2897 „
1017 2843 1052 2883 eir
1071 2823 1286 2898 Tellatorum,
1321 2823 1368 2885 vel
1392 2823 1573 2891 Donantium
1600 2828 1762 2893 voluntati·

138 2943 165 2983 ‚,
187 2903 234 2967 vel
254 2902 425 2982 cuicumque
445 2901 534 2963 etiam
557 2899 696 2982 simplici,
718 2901 748 2963 a
768 2899 935 2983 particulari
975 2945 996 2978 „
1018 2903 1098 2977 bus,
1119 2901 1176 2965 sive
1196 2900 1271 2965 alias
1289 2903 1451 2985 applicati,
1473 2923 1523 2970 aut
1542 2908 1643 2971 donati
1666 2906 1760 2983 funt,

142 3027 166 3060 ‚‚
188 2980 366 3064 Religios03
402 2982 445 3043 ita
474 2998 506 3043 ιιι
528 2980 603 3044 inter
625 2978 699 3060 ipsos
718 2999 834 3060 quoque
855 2979 933 3043 Reli·
975 3026 998 3060 „
1018 3002 1066 3045 eos
1087 2980 1210 3045 omnino
1231 2987 1290 3062 (ut
1308 2984 1413 3061 decet)
1434 2985 1542 3069 integre
1564 2987 1592 3049 in
1614 2987 1678 3051 usus
1698 2991 1766 3072 pios

145 3108 169 3141 „
191 3063 286 3146 giosos
306 3066 320 3141 (
343 3084 377 3124 ne
411 3080 506 3156 prava
537 3060 684 3124 ambitiosi
714 3059 854 3143 impulsus
882 3078 935 3142 pio
975 3107 1000 3139 „
1020 3060 1228 3143 hospitalitatis
1248 3062 1411 3138 hujusmodi
1432 3087 1482 3130 ero
1521 3068 1694 3142 ndoselie,
1729 3070 1762 3132 δι

142 3187 166 3221 „
188 3141 390 3223 consequendis
410 3162 439 3202 tn
463 3138 511 3204 fua
531 3140 683 3223 Religione
702 3140 874 3213 Gradious,
905 3140 937 3202 dr
976 3187 998 3219 „
1020 3141 1172 3223 prasertim
1194 3143 1224 3204 in
1247 3143 1463 3222 Monalieriis,
1501 3169 1538 3210 eu
1558 3148 1643 3212 Locis
1672 3147 1761 3214 desei·-

142 3270 165 3301 „
191 3224 229 3284 Di
253 3222 391 3286 nitatibus
412 3219 485 3284 alter
504 3220 621 3285 alterius
638 3221 762 3304 gratiam
784 3241 833 3301 pu
854 3220 935 3282 bene·
975 3267 999 3298 „
1019 3223 1075 3297 tis,
1097 3224 1127 3285 di
1148 3224 1184 3285 ab
1205 3223 1358 3286 laicorum
1380 3245 1403 3287 a
1422 3226 1484 3290 ibus
1505 3225 1763 3309 longiusremotis,

146 3348 169 3382 „
190 3245 352 3369 voieniian
373 3319 529 3383 aucupetur
550 3307 564 3380 )
584 3320 773 3386 quacumque
794 3299 933 3395 largitio,
971 3347 992 3379 „
1016 3302 1064 3365 ubi
1091 3320 1187 3389 tainpn
1208 3323 1385 3384 pauperum,
1455 3328 1522 3372 we
1544 3330 1758 3391 ,genomm

144 3430 167 3464 „
189 3400 239 3448 aut
258 3383 379 3447 donatio
399 3403 581 3459 munerum,
612 3382 698 3460 (-nist
721 3402 814 3445 terum
846 3382 930 3441 mini·
970 3382 1105 3459 „tioin
1147 3384 1228 3446 rimis
1244 3383 1399 3450 habeatur.
1749 3412 1752 3417 ·

145 3510 167 3544 „
189 3485 301 3528 inarum
322 3466 357 3529 de
380 3463 498 3527 licentia
518 3461 670 3541 expressa,
701 3464 731 3525 δι
762 3461 791 3522 in
823 3459 936 3542 scriptis
1016 3506 1034 3537 „
1055 3464 1085 3539 s.
1107 3398 1144 3549 ii
1158 3465 1186 3527 Si
1229 3466 1280 3527 i'iot
1303 3458 1761 3532 veroditioresoccasionestran·

145 3589 167 3625 „
188 3545 396 3628 Superiorem)
418 3545 451 3607 sit
470 3543 584 3626 penitus
603 3542 772 3605 interdisla.
973 3587 996 3621 „
1017 3543 1102 3618 situs,
1125 3545 1181 3611 sive
1201 3484 1271 3607 illias
1290 3567 1326 3609 ex
1340 3545 1525 3622 devotionis,
1546 3566 1596 3613 aut
1617 3548 1761 3613 necessita·

186 3669 208 3701 ‚,
229 3627 259 3703 §·
285 3648 312 3703 5.
335 3625 452 3719 Insuper
473 3623 679 3706 prohibemus,
698 3644 735 3688 ιιι
749 3617 935 3717 unquameis·
975 3666 997 3701 „
1020 3622 1058 3686 tis
1078 3625 1159 3687 caula
1178 3642 1213 3688 eo
1236 3626 1378 3690 divertere
1408 3628 1591 3708 contigerit,
1627 3650 1676 3693 eos
1697 3629 1765 3693 sane

145 3749 168 3783 ιι
188 3706 254 3768 dem
276 3706 465 3787 &sularibus
486 3704 570 3768 liceat
601 3703 673 3766 ullas
702 3722 835 3786 pecunias
864 3721 935 3781 quo·
976 3748 996 3782 „
1019 3705 1129 3769 deceret
1150 3704 1314 3770 liel'esiorio
1336 3708 1484 3770 communi
1506 3729 1574 3772 cum
1597 3709 1760 3791 Religiofis,

146 3828 167 3863 „
213 3786 339 3849 uomodo
360 3804 475 3867 erogate
496 3784 524 3845 iii
558 3785 678 3859 alicujus
707 3784 794 3847 etiam
819 3780 932 3844 Benefa·
954 3810 959 3843 i
973 3784 1195 3866 ,ereiisaquffi
1218 3786 1248 3847 dt
1270 3783 1383 3849 ferculis
1403 3791 1604 3852 communibus
1625 3835 1632 3859 ,
1655 3811 1762 3867 nequa·

146 3910 167 3945 „
189 3805 296 3944 horis,
314 3885 364 3928 aut
384 3864 557 3929 Protesloris
573 3868 653 3942 ,uel
671 3863 818 3926 Ordinarii
841 3863 932 3927 hono·
972 3909 994 3941 „
1015 3886 1104 3949 quam
1126 3888 1143 3929 a
1163 3866 1263 3930 ceteris
1281 3862 1416 3930 chilindlis
1437 3886 1588 3932 contentos
1609 3869 1681 3938 esser
1702 3873 1762 3935 Ve-

148 3991 169 4025 „
191 3968 280 4021 iem,
312 3947 401 4011 etiam
422 3946 565 4009 occafione
586 3946 743 4021 transitus,
776 3943 825 4008 vel
844 3943 934 4025 primi
973 3989 994 4023 „
1017 3968 1082 4009 rum
1102 3949 1225 4010 omnino
1244 3946 1295 4029 ipsi
1307 3948 1461 4028 Regiilares
1483 3951 1511 4010 in
1535 3949 1759 4030 liospitibusliir·

147 4071 168 4105 „
191 4028 323 4109 ingressits
348 4072 358 4103 ,
389 4027 495 4090 autad
518 4024 724 4089 Beneficiorum
746 4040 933 4101 acceptorum
970 4070 992 4102 „
1015 4026 1139 4099 iusiriodi
1162 4026 1373 4110 potentioribus
1400 4029 1572 4111 excipiendis
1594 4032 1634 4093 ita
1659 4030 1685 4095 se
1713 4054 1762 4127 ge·

146 4150 168 4184 „
190 4111 362 4173 memoriam
383 4152 392 4182 ,
414 4106 544 4187 gratique
565 4106 657 4167 animi
678 4104 934 4181 testificationem,
974 4150 994 4182 „
1018 4124 1100 4179 rant,
1124 4124 1155 4170 ut
1177 4108 1217 4171 eis
1236 4105 1405 4190 frugalitas,
1424 4112 1454 4172 di
1468 4111 1762 4194 pauperiaslieligio·

145 4230 169 4265 ιι
190 4187 236 4253 stu
257 4210 310 4273 Ρῐθ
331 4188 469 4272 Ρῑῑῶθῑς
490 4184 639 4267 Ρθῐῖθῡῖὃι
718 4187 762 4250 vl³
783 4183 935 4248 sisimile-¹
975 4229 998 4263 „
1018 4185 1048 4249 sa
1067 4185 1177 4268 prorsus
1197 4188 1328 4252 eluceat.

146 4311 169 4347 „
190 4287 249 4345 te,
286 4269 331 4333 vel
363 4268 515 4350 Dignitate
547 4265 667 4347 fulgenti
689 4288 720 4329 us
748 4262 936 4340 honorifice,
1017 4311 1038 4345 „
1056 4269 1085 4345 §.
1108 4269 1137 4329 8.
1160 4266 1225 4333 Pari
1246 4269 1335 4331 etiam
1367 4268 1480 4332 tatione
1499 4270 1619 4333 dilltifie
1649 4270 1760 4335 inhibe·

150 4392 176 4427 ἰ
196 4350 294 4425 Ῑὸύῐθι
317 4351 348 4412 ἅ
366 4351 485 4447 ⁰Pll’m
506 4346 707 4429 “elflffldlir
731 4346 776 4409 ffll
798 4365 851 4425 ⁹³0
871 4346 933 4427 qui·
975 4390 998 4423 ιι
1020 4368 1105 4416 mus,
1129 4370 1166 4413 ne
1183 4346 1324 4431 quispiam
1346 4371 1382 4413 eit
1404 4351 1541 4431 ptaed'islis
1564 4351 1658 4413 laicis
1678 4351 1762 4426 alias,
1835 4358 1839 4366 ‘

147 4472 172 4506 „
191 4428 287 4493 bosvis
307 4432 451 4493 conviviis
471 4427 597 4501 eisdem,
620 4446 670 4489 aut
691 4427 784 4488 cnivis
805 4425 932 4504 iliorum,
973 4471 995 4504 „
1016 4430 1125 4523 qnapf,
1147 4446 1181 4493 ut
1200 4427 1325 4510 superius
1345 4430 1455 4493 disluin
1474 4432 1511 4492 ell
1531 4474 1543 4505 ,
1565 4431 1612 4494 vel
1631 4429 1764 4504 Clericus

149 4530 376 4593 „quacumque
404 4511 575 4582 occasune,
611 4510 657 4570 vel
687 4506 768 4581 caiisa
798 4506 932 4569 exhiben—
972 4552 995 4586 „
1018 4507 1181 4582 secularis,
1210 4508 1259 4572 vel
1280 4510 1428 4592 Regularis
1456 4530 1638 4591 quocumque
1668 4511 1761 4574 bono.

140 4608 170 4671 i,
190 4591 263 4673 dis,
285 4591 334 4659 vel
352 4612 406 4677 pro
426 4588 695 4669 comessationibus,
715 4606 766 4654 aut
786 4604 937 4671 compota·
976 4633 1001 4669 „
1021 4610 1069 4669 re,
1091 4588 1332 4673 praeminentia,
1352 4590 1506 4655 nobilitate
1523 4635 1534 4669 ,
1554 4609 1604 4656 aut
1624 4590 1765 4685 excellen

1620 4716 1645 4751 „
1663 4688 1727 4752 tia,

1334 4858 1504 4954 J
