4009 5267
279 130 366 237 ,m
600 90 1464 218 tuouuuun3,mnr

229 284 251 320 „
273 254 398 316 cumque
418 225 626 311 superiorum,
648 225 791 306 statuique
809 226 1011 311 paupertatis,
1051 269 1072 304 ‚,
1091 223 1172 300 cali,
1192 222 1331 286 adhibitis
1351 226 1440 287 etiam
1455 224 1582 300 duobus,
1605 224 1653 289 vel
1664 223 1756 289 tribus
1766 226 1837 294 Fra·

227 362 248 399 „
290 336 357 379 uam
378 310 491 397 professu
512 309 598 386 sumt,
620 307 806 383 conveniat,
838 308 912 372 iram
934 307 1010 369 nihil
1050 351 1073 386 ‚,
1094 305 1186 369 tribus
1206 301 1329 377 eiusdem
1349 305 1521 371 Conventus
1540 307 1774 388 probatioribus,
1796 332 1840 376 re.

230 444 252 478 n
268 340 406 480 lliPssflul
427 393 618 467 admittatur,
640 389 714 453 nibil
735 388 826 453 ‘llam
847 430 858 464 s
879 389 957 472 quod
978 387 1012 454 fit
1051 431 1073 466 ‚2
1096 406 1219 465 rumque
1237 384 1412 469 uluperitis,
1436 389 1577 451 tationem
1588 390 1728 453 reddant:
1751 389 1840 455 Dein·

227 525 248 561 „
270 477 472 551 necessarium,
494 473 581 538 alicui
602 473 780 554 denegetur.
1053 467 1132 547 „de
1168 467 1281 549 ipsrmet
1312 466 1432 540 rursus,
1464 467 1645 549 praesenribus
1680 472 1780 534 Priore
1808 474 1843 537 bt

267 605 290 639 „
311 563 341 640 §.
363 582 392 637 9.
414 561 610 634 Quacumque
630 550 750 616 fratrum
773 550 885 626 velles,
907 550 1010 617 strela·
1052 594 1073 628 „
1115 548 1197 613 eritis
1217 547 1374 630 preditus,
1396 549 1562 626 Generali,
1593 550 1638 613 vel
1672 553 1843 617 vibratori·

228 687 250 722 „
271 664 337 718 ηε,
357 642 413 707 five
434 639 534 712 lineat,
556 632 707 713 omnisque
737 631 795 695 alia
827 631 949 714 supellex
981 633 1012 696 in
1051 678 1072 710 „
1094 572 1174 700 bus,
1197 651 1266 693 curn
1296 633 1495 702 ar⁴uenerint3
1527 632 1658 709 Denique
1690 634 1749 717 ipsa
1780 637 1842 701 Ge.

230 768 252 803 „
274 722 400 805 aliquem
420 717 610 782 rornmodurn
632 715 804 779 Conventus
826 712 921 776 lonrrn
936 712 1013 778 dese·
1051 759 1072 790 „
1095 713 1219 785 neraiis,
1241 713 1289 774 vel
1310 711 1482 773 visitatores
1503 711 1532 772 in
1554 714 1689 793 quolibet
1701 717 1843 794 proximo

230 848 252 883 „
275 821 393 874 rantur;
415 800 512 880 ibique
532 796 569 858 ab
590 817 648 860 uuo
670 795 715 858 vel
739 796 815 856 duob
827 816 849 857 rs
877 793 1013 858 fratribus
1050 840 1072 870 „
1092 791 1233 873 Capitulo
1254 791 1408 864 Generaii,
1433 791 1532 855 saltem
1554 813 1653 856 corant
1675 796 1769 860 tribus
1790 799 1840 870 Ju.

234 929 258 964 ‚,
279 884 346 949 huic
366 881 479 945 muneri
500 879 645 961 deputatis
674 875 826 957 diligenter
854 877 1012 942 custodian·
1053 918 1073 952 „
1095 874 1226 947 ditibus,
1248 874 1286 934 ab
1308 871 1369 952 ipio
1390 874 1530 953 Capitulo
1552 873 1586 935 ad
1608 875 1665 940 hoc
1699 878 1840 944 constitu.

228 1008 251 1045 ‚,
271 982 338 1041 tut,
359 981 392 1028 ut
412 963 479 1026 inde
499 958 659 1041 Superioris
679 955 819 1031 arbitrio,
841 975 927 1039 prout
949 959 1012 1019 uni·
1053 1000 1075 1032 „
1094 955 1154 1029 tis,
1177 952 1457 1025 illorumornrtiurn,
1481 954 1841 1038 universaquesuaeadmi.

231 1090 253 1123 „
274 1046 319 1109 cui
343 1066 377 1109 ue
396 1062 470 1127 opus
490 1040 599 1117 suerit,
621 1038 827 1105 subministrari
847 1055 1014 1122 opportune
1051 1080 1072 1111 „
1094 1033 1287 1106 nistrationis,
1310 1050 1371 1095 ram
1395 1035 1531 1113 publica,
1553 1056 1642 1117 quarn
1666 1036 1839 1121 privatus.

228 1168 252 1204 ‚,
271 1066 395 1210 pullum.
449 1122 452 1127 ’
1052 1116 1206 1194 „tionem
1229 1116 1341 1179 reddere
1363 1133 1529 1185 teneantur,
1553 1121 1843 1189 curjueeriamexpm.

270 1251 293 1283 „
312 1208 342 1283 §.
367 1227 413 1269 ro.
433 1205 546 1267 Omnes
565 1201 654 1266 etiarn
675 1199 858 1284 Superiores,
879 1199 1014 1280 quicum·
1052 1241 1074 1273 „
1096 1197 1177 1280 plum
1200 1197 1398 1259 authenticum
1421 1220 1455 1259 err
1478 1195 1547 1258 attis
1566 1199 1843 1281 Capituliesrraba·
1925 1257 1932 1271 .

229 1329 253 1368 „
272 1309 329 1370 que
349 1287 393 1348 illi
415 1284 488 1360 fior,
509 1284 610 1348 eodem
631 1281 728 1357 uino,
751 1281 911 1361 eodemque
931 1279 1014 1344 obso·
1057 1322 1077 1355 „
1102 1297 1171 1352 rur,
1192 1279 1230 1341 ad
1252 1278 1307 1339 boc
1329 1295 1360 1336 ur
1382 1277 1417 1336 ad
1439 1297 1541 1339 omnes
1572 1280 1741 1346 mandarum
1776 1287 1843 1348 No·

232 1410 255 1446 „
276 1369 346 1441 nio,
368 1368 428 1430 live
449 1365 547 1432 eaderu
572 1361 922 1443 (utajunr)pitantiain
935 1381 1017 1424 com·
1057 1401 1078 1435 „
1101 1358 1209 1434 strum,
1231 1358 1276 1421 vei
1298 1358 1381 1420 Sedis
1402 1358 1580 1441 Apostolicz
1601 1362 1729 1427 Romam
1751 1366 1844 1429 trans·

233 1492 255 1526 „
280 1448 362 1509 murti
384 1445 502 1522 meuse,
525 1446 641 1540 prima,
662 1441 708 1506 vel
729 1441 875 1516 secunda,
899 1440 950 1503 niti
971 1441 1016 1504 in·
1057 1483 1078 1516 „
1102 1438 1184 1499 mitti
1204 1437 1309 1520 poffit.

232 1570 255 1607 „
273 1527 422 1592 firmitatis
442 1526 524 1590 causa
545 1524 679 1605 tmpediti
700 1522 826 1597 fuerint,
847 1520 1015 1597 vescantur,
1096 1562 1118 1593 „
1139 1519 1169 1595 §.
1192 1539 1238 1596 14.
1262 1522 1299 1581 lu
1320 1538 1498 1600 unoquoque
1516 1520 1675 1589 Conventu
1703 1529 1844 1594 Fratrum
1911 1572 1917 1583 ·

232 1650 254 1686 „
276 1628 368 1689 neque
388 1605 675 1689 srngrtlatealiquid,
695 1624 755 1685 quo
776 1604 915 1688 privatim
962 1602 1014 1663 uis·
1054 1644 1075 1677 „
1099 1600 1125 1661 is
1143 1616 1257 1663 tantum
1279 1601 1412 1682 deinceps
1433 1602 1652 1682 constituatur,
1687 1607 1718 1671 be
1738 1610 1768 1671 in

232 1732 255 1767 „
274 1711 329 1775 que
359 1690 392 1751 iu
419 1688 516 1751 cibum
546 1704 675 1762 utatur,
705 1685 766 1749 ullo
802 1684 891 1748 modo
922 1624 1019 1748 alteru
1057 1724 1079 1758 „
1102 1681 1204 1743 ilerum
1228 1682 1384 1746 retineatur
1405 1703 1557 1759 numerus,
1580 1685 1630 1765 qui
1655 1709 1689 1750 et
1724 1690 1844 1755 reddre?-

234 1814 257 1849 „
277 1767 393 1854 pollis,
425 1769 455 1830 Si
476 1767 542 1851 quis
562 1788 596 1832 ea
616 1766 646 1830 in
668 1787 701 1830 re
718 1767 910 1850 peccaverit,
942 1766 1018 1829 nihil
1057 1806 1079 1839 ‚,
1100 1761 1152 1824 bus
1173 1760 1250 1825 illius
1271 1761 1414 1846 propriis,
1437 1765 1487 1827 vel
1507 1787 1542 1828 ex
1562 1770 1846 1834 communibuscou·

232 1894 256 1928 „
275 1872 309 1914 ea
329 1849 375 1915 die
396 1849 530 1916 alimenti
559 1849 730 1933 percipiet,
759 1847 813 1910 uisu
842 1867 962 1931 panem,
985 1850 1016 1910 bt
1056 1887 1077 1920 „
1100 1840 1211 1915 suetis,
1244 1844 1402 1908 ueletiam
1428 1843 1603 1924 fingulorum
1634 1848 1846 1936 eleemosynis,

234 1975 256 2010 „
277 1952 403 2014 aquam,
1055 1967 1077 2000 „
1100 1922 1200 1987 aliisve
1218 1923 1444 2006 quibuscumque
1464 1925 1688 1996 obuentlonibus
1709 1933 1739 1996 in
1759 1952 1843 1997 corrr-

274 2058 299 2087 „
317 2015 347 2090 §.
370 2012 413 2077 11.
434 2012 599 2094 Superiores
616 2030 721 2075 omnes
740 2053 750 2084 ,
772 2010 859 2072 eriam
890 2010 1016 2074 Genera·
1056 2048 1077 2082 n
1102 2026 1205 2077 mune,
1227 2023 1260 2069 ut
1282 2005 1448 2089 prefertur,
1470 2008 1671 2088 conferendis,
1707 2036 1843 2079 cornrno·

236 2138 257 2175 „
279 2095 336 2169 lis,
358 2095 409 2174 qui
431 2094 573 2167 redditus,
595 2111 646 2156 aut
668 2090 863 2232 praedationes
889 2092 1013 2171 peculia·
1058 2129 1078 2163 rs
1098 2085 1133 2181 dp
1154 2082 1239 2168 polilt
1260 2085 1426 2158 sustentarit
1448 2090 1568 2153 reddrtus
1589 2114 1674 2168 vero,
1697 2094 1841 2177 &supta-

237 2219 258 2255 „
280 2194 325 2238 res
343 2175 457 2237 ratione
476 2173 649 2236 officiorum
692 2170 800 2245 abent,
819 2190 919 2235 eorum
940 2192 1020 2238 acce·
1059 2210 1083 2244 ,s
1102 2167 1180 2229 ‘lustr
1200 2169 1299 2230 omnia
1321 2170 1350 2231 ln
1371 2171 1520 2233 communi
1538 2170 1620 2249 loco,
1640 2194 1673 2237 ae
1693 2177 1838 2240 turodili·

237 2301 258 2336 „
279 2272 350 2333 pta,
369 2255 401 2318 du
422 2254 547 2338 expensa
566 2255 596 2316 in
618 2252 692 2318 libro
712 2251 844 2314 diflinsto
876 2252 1021 2329 fideliter,
1059 2290 1080 2324 ‚‚
1103 2265 1203 2328 genter
1223 2250 1420 2314 asserventur.

236 2335 479 2418 „brdiligenter
499 2333 635 2399 annotari
655 2349 773 2405 curent,
796 2332 1016 2413 nequeinalios
1095 2370 1116 2401 ‚2
1139 2328 1169 2403 ὃ.
1195 2347 1241 2406 15.
1272 2331 1471 2411 Superioribus
1500 2346 1623 2407 auretn,
1658 2355 1695 2397 ne
1711 2335 1843 2398 Consilii

236 2461 257 2495 „
279 2414 363 2490 ulus,
383 2435 472 2497 quam
494 2415 605 2478 ratione
626 2411 726 2476 officii
756 2411 798 2473 sui
829 2412 1014 2488 neceffatios,
1055 2449 1076 2482 „
1096 2409 1180 2470 Tria
1202 2426 1253 2473 aut
1274 2410 1333 2473 lraec
1355 2413 1448 2475 nollta
1471 2413 1595 2476 Decreta
1613 2412 1776 2485 declarare,
1800 2417 1844 2476 in·

236 2541 257 2577 „
279 2496 436 2578 quicquam
455 2496 637 2578 expendanr3
659 2497 737 2557 Cum
757 2513 827 2555 vero
840 2493 1018 2575 contigerit,
1057 2530 1078 2563 ,‚
1098 2491 1272 2577 terpretati,
1294 2509 1345 2556 aut
1366 2493 1491 2558 relaxare
1512 2493 1573 2557 ullo
1595 2494 1683 2555 modo
1717 2493 1846 2575 poffint,

237 2622 259 2657 „
278 2576 353 2658 ipsos
374 2577 403 2639 iu
424 2577 523 2658 aliquo
544 2578 701 2639 Convenru
721 2575 896 2637 commorati
919 2618 929 2650 ,
952 2596 1017 2638 eam
1058 2612 1079 2646 „
1102 2572 1226 2633 omnino
1247 2573 1465 2650 interdicimus,
1488 2575 1519 2637 br
1549 2574 1761 2656 probibemus.
1792 2576 1848 2638 De·

237 2694 257 2735 „
278 2658 406 2742 pecunia
442 2656 637 2738 quantitatem
668 2659 697 2719 iu
730 2676 886 2727 commune
922 2655 1018 2720 confe-
1059 2693 1084 2726 „
1102 2670 1249 2716 cernentes
1270 2655 1386 2718 irritum
1408 2656 1466 2718 bre.
1487 2657 1519 2718 si
1540 2655 1607 2736 quis
1625 2676 1722 2718 autern
1745 2673 1848 2719 contra

236 2770 259 2820 ai
280 2756 365 2812 tant,
386 2758 498 2819 etqua
520 2736 586 2811 libi,
609 2738 640 2799 dr
661 2737 714 2813 iis,
736 2737 787 2815 qui
810 2734 1021 2812 secumerunt,
1057 2774 1081 2807 „
1103 2732 1221 2817 prelum
1246 2732 1311 2798 lerir
1333 2754 1497 2811 attentare,
1520 2736 1545 2798 is
1564 2734 1847 2817 eoipsoomniGre·

238 2865 262 2901 „
280 2819 377 2882 vitius
394 2821 429 2880 ad
451 2816 646 2901 prescriptum
668 2816 784 2900 Regula
814 2817 845 2880 dr
875 2819 1022 2883 Constitu·
1062 2854 1083 2887 „
1104 2814 1165 2908 du,
1186 2816 1216 2874 0
1264 2816 1350 2911 ioque
1371 2818 1524 2900 privatus,
1542 2819 1575 2881 de
1595 2820 1632 2882 ad
1653 2839 1686 2883 ea
1706 2834 1851 2902 perpetuo

238 2944 262 2982 „
280 2900 413 2975 tionum,
437 2897 648 2981 suppeditetur.
1065 2935 1085 2969 „
1108 2893 1245 2958 tubabilis
1265 2900 1391 2962 ettsser.

277 3022 299 3057 „
319 2982 351 3057 §.
374 3000 420 3041 ru.
452 2981 563 3045 Nullus
588 3000 627 3044 ex
654 2976 852 3063 Superioribus
887 2978 1023 3042 toeomrn
1099 3018 1122 3051 ‚s
1143 2976 1173 3052 §.
1198 2980 1243 3038 16.
1266 2976 1392 3052 Nullus,
1414 2978 1469 3041 nisa
1488 2977 1551 3041 artu
1571 2979 1676 3061 legat,
1709 2977 1755 3043 vel
1778 2998 1850 3062 prz-

144 3075 154 3082 “
239 3106 263 3143 „
280 3060 555 3125 administrationem
577 3060 739 3134 bonorum,
762 3058 956 3123 aurelianum
980 3082 1020 3124 re·
1061 3097 1083 3131 „
1106 3054 1207 3133 dicet,
1237 3056 1339 3140 aliquo
1370 3059 1410 3122 sui
1442 3060 1556 3124 Gradus
1592 3061 1755 3143 Privilegio
1779 3080 1854 3142 gau·

241 3186 265 3221 .,
284 3160 351 3205 rum
378 3139 708 3224 ,dispensationemque
748 3141 962 3222 pecuniarum,
993 3143 1024 3205 δι
1066 3180 1086 3211 ,,
1107 3135 1195 3200 dett.
1460 3214 1466 3217 ,

239 3221 444 3303 „reddituum
474 3221 515 3284 sui
545 3223 743 3295 Conventus,
773 3222 862 3285 eriam
906 3223 1029 3286 nomine
1103 3261 1127 3293 ‚s
1147 3221 1176 3295 l·
1203 3241 1248 3297 ιγ.
1269 3218 1298 3281 Si
1320 3220 1408 3286 alicui
1430 3243 1465 3287 ex
1487 3224 1639 3287 neceffaria
1656 3221 1766 3298 causa,
1788 3221 1852 3285 Ge·

240 3348 265 3383 „
283 3303 472 3377 Conventus,
495 3321 545 3384 per
566 3301 593 3366 le
613 3301 709 3384 ipsum
729 3301 849 3377 habete,
872 3302 928 3367 five
946 3323 1026 3365 esen
1065 3338 1088 3371 „
1111 3298 1214 3363 ueralis
1234 3300 1346 3376 jndicio
1361 3302 1543 3400 probanda,
1580 3302 1670 3369 socius
1691 3326 1725 3368 et
1746 3304 1851 3366 eodem

240 3428 265 3465 „
284 3403 349 3448 tere
407 3381 479 3457 ibt,
511 3380 558 3445 sed
578 3381 746 3446 universum
778 3383 805 3443 id
840 3403 913 3446 onus
934 3384 1030 3448 tribus
1064 3419 1085 3452 u
1107 3379 1249 3458 Ordine,
1278 3382 1333 3478 qui
1365 3382 1413 3445 llll
1443 3385 1613 3461 ministret,
1655 3383 1857 3450 concedendus

241 3509 264 3545 „
284 3463 366 3526 fratri
388 3485 422 3526 us
441 3460 567 3536 eiusdem
586 3464 758 3528 Conventus
777 3483 793 3525 a
814 3463 950 3526 Generali
986 3465 1032 3528 ira
1067 3501 1088 3534 „
1110 3459 1186 3535 etit,
1207 3462 1249 3539 is,
1272 3462 1323 3525 nrsr
1342 3464 1511 3546 vigefimum
1531 3468 1667 3546 quintum
1701 3482 1771 3548 agat
1799 3486 1851 3526 en·

242 3590 266 3628 2,
283 3545 488 3616 demandetur,
510 3560 543 3607 ur
563 3564 640 3607 unus
658 3563 783 3619 rerum,
812 3544 843 3605 dr
863 3545 1030 3621 bonmum,
1067 3580 1088 3615 „
1110 3560 1199 3616 uum,
1222 3545 1253 3606 br
1272 3543 1325 3625 qui
1347 3548 1496 3611 communi
1520 3544 1639 3612 servitio
1669 3547 1703 3610 stt
1733 3548 1853 3627 deputa·

241 3668 264 3706 „
285 3626 505 3706 reddituumque
524 3623 751 3706 colligendorum
777 3667 786 3700 ,
818 3626 1026 3689 auertendo
1067 3626 1758 3703 »1⁰52⁰0¹¹⁰⁰¹¹⁰²d⁸ffl¹s⁶¹sfi⁶⁰mm0de
1788 3624 1853 3690 fiflsl

242 3750 264 3787 „
287 3726 352 3769 rurn
373 3724 475 3770 curam
495 3705 620 3779 habeare
639 3705 713 3769 alter
733 3723 885 3783 tamquam
955 3708 1027 3788 post-
1065 3741 1090 3775 a,
1109 3704 1218 3782 porell,
1242 3705 1276 3766 fit
1298 3706 1400 3770 Laicus
1421 3705 1593 3774 conversus.
1838 3763 1849 3775 .

235 3816 268 3864 *„
290 3787 383 3850 tutius
421 3785 554 3861 eruam,
573 3806 607 3849 ac
627 3804 721 3850 cetera
742 3787 778 3849 ab
799 3787 852 3848 illo
884 3785 1029 3861 sollerte,
1108 3824 1129 3856 ,,
1151 3786 1181 3860 §.
1206 3785 1250 3847 ιδ.
1273 3785 1317 3848 Ut
1337 3789 1437 3851 omnis
1456 3786 1685 3867 scandalomrn,
1717 3789 1748 3853 br
1768 3809 1854 3869 vaga·

243 3911 264 3946 „
286 3866 318 3929 δι
338 3807 436 3930 enge
456 3865 578 3932 fideliter
591 3867 708 3932 afferret
718 3892 733 3941 ς.
752 3867 867 3930 aliosde
877 3870 1027 3949 pecuniis,
1066 3903 1091 3937 ‚‚
1110 3863 1201 3928 tionis
1222 3866 1334 3930 ornabo
1352 3868 1503 3946 tollatur,
1524 3871 1698 3937 Conventus
1725 3869 1853 3933 clausura

242 3991 266 4025 „
287 3947 319 4012 δι
340 3947 424 4011 rebus
451 3968 472 4011 a
499 3948 669 4029 depositorio
698 3948 828 4044 acceptis
859 3949 976 4025 Priori,
998 3950 1030 4012 be
1070 3984 1095 4018 n
1114 3962 1318 4027 Perpetuo-ae
1344 3948 1503 4031 diligenter
1529 3950 1686 4028 servetur,
1723 3973 1758 4013 ac
1786 3969 1852 4034 pro·

243 4070 265 4107 „
287 4026 459 4101 Fratribus,
481 4030 705 4094 accensentur
726 4027 858 4092 umuerfo
878 4030 913 4092 de
936 4030 1026 4094 neces·
1069 4064 1091 4098 us
1113 4042 1211 4105 l’terea
1231 4047 1248 4088 ἃ
1269 4028 1421 4112 ⁸⁰P⁶¹l⁰f²
1442 4030 1551 4111 lfflllffl
1572 4034 1779 4106 connituntur,
1800 4029 1857 4113 qul

244 4107 393 4188 Mariis,
411 4109 571 4173 mandante
589 4126 685 4173 tamen
708 4107 769 4191 ipso
781 4110 897 4183 Priore,
918 4130 974 4172 non
987 4111 1027 4175 se·
1067 4145 1088 4179 n
1110 4104 1290 4186 diligentia,
1320 4128 1356 4172 ae
1376 4130 1492 4176 morum
1523 4113 1690 4195 integritare
1722 4112 1857 4175 maxime·

242 4231 266 4268 „
285 4190 410 4252 cundum
433 4189 583 4272 proprium
603 4188 761 4265 affedlum,
782 4188 829 4255 sed
849 4194 929 4264 juxta
942 4192 1025 4254 Cari·
1065 4225 1089 4258 n
1110 4189 1331 4253 commendetur
1355 4234 1364 4266 ,
1397 4192 1420 4254 is
1449 4194 1540 4266 lanua
1566 4196 1753 4258 custodiendae
1782 4190 1856 4255 sem

246 4313 267 4346 „
290 4270 361 4333 tatis
381 4270 549 4351 Regulam,
583 4269 678 4335 veluti
705 4270 800 4334 bonus
828 4269 1028 4353 dispensator,
1067 4307 1090 4339 ‚s
1111 4266 1304 4348 petallillat,
1325 4292 1446 4353 eamque
1477 4275 1590 4337 nemini
1619 4278 1759 4340 Fratrum·
1786 4295 1856 4355 ape·

247 4394 271 4430 „
289 4349 497 4433 provideatur,
519 4348 695 4415 offuturum
714 4349 1027 4426 bujulrnudiconfubo·
1067 4388 1091 4421 u
1110 4348 1195 4425 ¹3⁸¹,
1226 4351 1277 4412 ¹¹5st
1309 4349 1446 4432 sotium,
1477 4354 1509 4416 ἃ
1538 4358 1662 4420 extundi
1701 4356 1856 4419 llctsst'um

241 4473 266 4509 „
283 4452 324 4497 ue
339 4432 456 4516 penitus
476 4430 649 4495 interdifla.
1067 4468 1090 4502 „
1110 4429 1314 4494 obtinuerint.

282 4556 305 4589 „
323 4515 352 4591 §.
380 4533 429 4594 13.
457 4514 595 4578 Ceterum
627 4512 658 4574 bi
688 4524 777 4588 tres,
798 4530 864 4576 ram
883 4512 1027 4595 impendi,
1107 4551 1128 4585 „
1150 4512 1182 4587 §.
1205 4513 1599 4589 nemorumnemorum
1615 4516 1712 4601 egredi
1732 4517 1860 4591 audeu,

244 4630 267 4672 η
286 4611 379 4677 quan
397 4594 510 4679 accepti
529 4591 647 4679 ungulis
666 4595 809 4661 menibus
826 4594 972 4680 Superiori
983 4594 1027 4662 lo·
1066 4629 1090 4668 „
1110 4591 1167 4655 uili
1192 4612 1231 4658 es
1258 4592 1375 4676 cnse,
1404 4597 1439 4662 ur
1455 4614 1525 4663 cum
1551 4594 1661 4680 sotio,
1679 4598 1864 4743 licentsipque

1718 4724 1746 4762 ἥ
1801 4714 1818 4730 .

1999 156 2001 229 l
