<?xml version="1.0" encoding="UTF-8"?>
<!DOCTYPE html PUBLIC "-//W3C//DTD XHTML 1.0 Transitional//EN"
    "http://www.w3.org/TR/xhtml1/DTD/xhtml1-transitional.dtd">
<html xmlns="http://www.w3.org/1999/xhtml" xml:lang="en" lang="en">
 <head>
  <title>
</title>
<meta http-equiv="Content-Type" content="text/html;charset=utf-8" />
  <meta name='ocr-system' content='tesseract 3.04.00' />
  <meta name='ocr-capabilities' content='ocr_page ocr_carea ocr_par ocr_line ocrx_word'/>
</head>
<body>
  <div class='ocr_page' id='page_1' title='image "./admrevpfluciife05ferrgoog/admrevpfluciife05ferrgoog_0022.png"; bbox 0 0 4009 5267; ppageno 0'>
   <div class='ocr_carea' id='block_1_1' title="bbox 168 1277 240 1333">
    <p class='ocr_par' dir='ltr' id='par_1_1' title="bbox 168 1277 240 1333">
     <span class='ocr_line' id='line_1_1' title="bbox 168 1277 240 1333; baseline 0 0"><span class='ocrx_word' id='word_1_1' title='bbox 168 1277 240 1333; x_wconf 83' lang='lat'>14</span> 
     </span>
    </p>
   </div>
   <div class='ocr_carea' id='block_1_2' title="bbox 401 14 2950 176">
    <p class='ocr_par' dir='ltr' id='par_1_2' title="bbox 401 14 2950 176">
     <span class='ocr_line' id='line_1_2' title="bbox 401 14 2950 176; baseline 0.003 -8"><span class='ocrx_word' id='word_1_2' title='bbox 401 14 2950 176; x_wconf 30' lang='lat' dir='ltr'>12⁸PANTHEISMUS&#39;4</span> 
     </span>
    </p>
   </div>
   <div class='ocr_carea' id='block_1_3' title="bbox 262 193 1868 4271">
    <p class='ocr_par' dir='ltr' id='par_1_3' title="bbox 262 193 1868 4271">
     <span class='ocr_line' id='line_1_3' title="bbox 271 193 1849 275; baseline -0.002 -13"><span class='ocrx_word' id='word_1_3' title='bbox 271 198 538 262; x_wconf 80' lang='lat' dir='ltr'>Scotislas</span> <span class='ocrx_word' id='word_1_4' title='bbox 579 193 659 259; x_wconf 83' lang='lat' dir='ltr'>ob</span> <span class='ocrx_word' id='word_1_5' title='bbox 698 194 923 258; x_wconf 71' lang='lat' dir='ltr'>assertas</span> <span class='ocrx_word' id='word_1_6' title='bbox 963 209 1198 256; x_wconf 88' lang='lat' dir='ltr'>naturas</span> <span class='ocrx_word' id='word_1_7' title='bbox 1242 216 1277 255; x_wconf 91' lang='lat' dir='ltr'>a</span> <span class='ocrx_word' id='word_1_8' title='bbox 1315 196 1480 275; x_wconf 88' lang='lat' dir='ltr'>par&#39;te</span> <span class='ocrx_word' id='word_1_9' title='bbox 1525 193 1605 257; x_wconf 91' lang='lat' dir='ltr'>rei</span> <span class='ocrx_word' id='word_1_10' title='bbox 1667 193 1849 260; x_wconf 82' lang='lat' dir='ltr'>mera-</span> 
     </span>
     <span class='ocr_line' id='line_1_4' title="bbox 319 271 1846 361; baseline 0.001 -21"><span class='ocrx_word' id='word_1_11' title='bbox 319 277 544 361; x_wconf 83' lang='lat' dir='ltr'>hyfice‚</span> <span class='ocrx_word' id='word_1_12' title='bbox 593 271 978 351; x_wconf 56' lang='lat' dir='ltr'>universam,</span> <span class='ocrx_word' id='word_1_13' title='bbox 1023 274 1087 339; x_wconf 72' lang='grc' dir='ltr'><strong>ἃ</strong></span> <span class='ocrx_word' id='word_1_14' title='bbox 1130 273 1607 339; x_wconf 73' lang='lat' dir='ltr'>univocationem</span> <span class='ocrx_word' id='word_1_15' title='bbox 1651 276 1802 341; x_wconf 84' lang='lat' dir='ltr'>entis</span> <span class='ocrx_word' id='word_1_16' title='bbox 1829 324 1846 354; x_wconf 90' lang='lat'><strong>‚</strong></span> 
     </span>
     <span class='ocr_line' id='line_1_5' title="bbox 269 301 1856 436; baseline -0.002 -11"><span class='ocrx_word' id='word_1_17' title='bbox 269 301 629 425; x_wconf 52' lang='lat' dir='ltr'>gautheismi</span> <span class='ocrx_word' id='word_1_18' title='bbox 667 400 713 436; x_wconf 26' lang='grc' dir='ltr'>,ο</span> <span class='ocrx_word' id='word_1_19' title='bbox 752 356 813 419; x_wconf 83' lang='grc' dir='ltr'>δι</span> <span class='ocrx_word' id='word_1_20' title='bbox 854 356 892 418; x_wconf 86' lang='lat' dir='ltr'>S</span> <span class='ocrx_word' id='word_1_21' title='bbox 935 353 1188 419; x_wconf 83' lang='lat' dir='ltr'>inofismi</span> <span class='ocrx_word' id='word_1_22' title='bbox 1249 355 1564 421; x_wconf 87' lang='lat' dir='ltr'>insimulari</span> <span class='ocrx_word' id='word_1_23' title='bbox 1610 400 1627 420; x_wconf 87' lang='lat'><strong>.</strong></span> <span class='ocrx_word' id='word_1_24' title='bbox 1693 360 1856 422; x_wconf 91' lang='lat' dir='ltr'>Nam</span> 
     </span>
     <span class='ocr_line' id='line_1_6' title="bbox 268 435 1857 534; baseline 0 -31"><span class='ocrx_word' id='word_1_25' title='bbox 268 439 649 526; x_wconf 69' lang='lat' dir='ltr'>praeterquam</span> <span class='ocrx_word' id='word_1_26' title='bbox 689 437 848 520; x_wconf 83' lang='lat' dir='ltr'>quod</span> <span class='ocrx_word' id='word_1_27' title='bbox 884 445 1065 519; x_wconf 80' lang='lat' dir='ltr'>&#39;onge</span> <span class='ocrx_word' id='word_1_28' title='bbox 1105 435 1331 501; x_wconf 81' lang='lat' dir='ltr'>diverso</span> <span class='ocrx_word' id='word_1_29' title='bbox 1372 459 1408 500; x_wconf 87' lang='lat' dir='ltr'>a</span> <span class='ocrx_word' id='word_1_30' title='bbox 1449 436 1700 534; x_wconf 82' lang='lat' dir='ltr'>Spinosae</span> <span class='ocrx_word' id='word_1_31' title='bbox 1742 441 1857 505; x_wconf 82' lang='lat' dir='ltr'>sen-</span> 
     </span>
     <span class='ocr_line' id='line_1_7' title="bbox 272 517 1860 600; baseline 0.001 -17"><span class='ocrx_word' id='word_1_32' title='bbox 272 522 338 585; x_wconf 85' lang='lat' dir='ltr'>su</span> <span class='ocrx_word' id='word_1_33' title='bbox 380 519 532 583; x_wconf 88' lang='lat' dir='ltr'>entis</span> <span class='ocrx_word' id='word_1_34' title='bbox 571 520 858 583; x_wconf 87' lang='lat' dir='ltr'>unitatem</span> <span class='ocrx_word' id='word_1_35' title='bbox 883 565 900 595; x_wconf 91' lang='lat'>,</span> <span class='ocrx_word' id='word_1_36' title='bbox 944 540 1070 600; x_wconf 82' lang='lat' dir='ltr'>quae</span> <span class='ocrx_word' id='word_1_37' title='bbox 1112 517 1231 583; x_wconf 91' lang='lat' dir='ltr'>sola</span> <span class='ocrx_word' id='word_1_38' title='bbox 1248 519 1622 586; x_wconf 67' lang='lat' dir='ltr'>abstraRtone</span> <span class='ocrx_word' id='word_1_39' title='bbox 1645 525 1860 585; x_wconf 86' lang='lat' dir='ltr'>mentis</span> 
     </span>
     <span class='ocr_line' id='line_1_8' title="bbox 276 598 1859 697; baseline 0 -32"><span class='ocrx_word' id='word_1_40' title='bbox 276 600 696 676; x_wconf 81' lang='lat' dir='ltr'>continentur,</span> <span class='ocrx_word' id='word_1_41' title='bbox 743 601 1095 682; x_wconf 82' lang='lat' dir='ltr'>agnoscunt,</span> <span class='ocrx_word' id='word_1_42' title='bbox 1160 598 1524 697; x_wconf 83' lang='lat' dir='ltr'>perspicuum</span> <span class='ocrx_word' id='word_1_43' title='bbox 1562 604 1638 665; x_wconf 87' lang='lat' dir='ltr'>est</span> <span class='ocrx_word' id='word_1_44' title='bbox 1681 646 1700 676; x_wconf 91' lang='lat'>‚</span> <span class='ocrx_word' id='word_1_45' title='bbox 1763 625 1859 667; x_wconf 86' lang='lat' dir='ltr'>eos</span> 
     </span>
     <span class='ocr_line' id='line_1_9' title="bbox 274 682 1859 756; baseline -0.002 -8"><span class='ocrx_word' id='word_1_46' title='bbox 274 683 584 748; x_wconf 76' lang='lat' dir='ltr'>admittere</span> <span class='ocrx_word' id='word_1_47' title='bbox 628 682 832 745; x_wconf 75' lang='lat' dir='ltr'>Deum:</span> <span class='ocrx_word' id='word_1_48' title='bbox 861 686 1046 749; x_wconf 79' lang='lat' dir='ltr'>etiarn</span> <span class='ocrx_word' id='word_1_49' title='bbox 1091 686 1699 748; x_wconf 77' lang='lat' dir='ltr'>materxaeCreatorem</span> <span class='ocrx_word' id='word_1_50' title='bbox 1727 728 1746 756; x_wconf 90' lang='lat'>‚</span> <span class='ocrx_word' id='word_1_51' title='bbox 1793 704 1859 746; x_wconf 88' lang='lat' dir='ltr'>ac</span> 
     </span>
     <span class='ocr_line' id='line_1_10' title="bbox 273 763 1858 829; baseline 0.001 -2"><span class='ocrx_word' id='word_1_52' title='bbox 273 763 716 828; x_wconf 78' lang='lat' dir='ltr'>Moderatorem</span> <span class='ocrx_word' id='word_1_53' title='bbox 762 785 950 827; x_wconf 78' lang='lat' dir='ltr'>rerum</span> <span class='ocrx_word' id='word_1_54' title='bbox 993 763 1306 829; x_wconf 86' lang='lat' dir='ltr'>omnium.</span> <span class='ocrx_word' id='word_1_55' title='bbox 1363 766 1584 828; x_wconf 73' lang='lat' dir='ltr'>Eadem</span> <span class='ocrx_word' id='word_1_56' title='bbox 1630 763 1858 828; x_wconf 86' lang='lat' dir='ltr'>ratione</span> 
     </span>
     <span class='ocr_line' id='line_1_11' title="bbox 274 843 1852 941; baseline -0.003 -30"><span class='ocrx_word' id='word_1_57' title='bbox 274 848 535 921; x_wconf 78' lang='lat' dir='ltr'>conflat,</span> <span class='ocrx_word' id='word_1_58' title='bbox 579 844 805 908; x_wconf 82' lang='lat' dir='ltr'>nonnisi</span> <span class='ocrx_word' id='word_1_59' title='bbox 848 866 947 930; x_wconf 88' lang='lat' dir='ltr'>per</span> <span class='ocrx_word' id='word_1_60' title='bbox 989 843 1272 909; x_wconf 86' lang='lat' dir='ltr'>summam</span> <span class='ocrx_word' id='word_1_61' title='bbox 1318 845 1742 941; x_wconf 85' lang='lat' dir='ltr'>impudentiam</span> <span class='ocrx_word' id='word_1_62' title='bbox 1770 844 1852 908; x_wconf 89' lang='lat' dir='ltr'>su·</span> 
     </span>
     <span class='ocr_line' id='line_1_12' title="bbox 275 925 1856 1010; baseline -0.001 -21"><span class='ocrx_word' id='word_1_63' title='bbox 275 926 492 1010; x_wconf 61' lang='lat' dir='ltr'>spesios</span> <span class='ocrx_word' id='word_1_64' title='bbox 549 926 839 1009; x_wconf 69' lang='lat' dir='ltr'>praedicari</span> <span class='ocrx_word' id='word_1_65' title='bbox 909 926 1259 993; x_wconf 82' lang='lat' dir='ltr'>Pantheismi</span> <span class='ocrx_word' id='word_1_66' title='bbox 1302 925 1721 1010; x_wconf 74' lang='lat' dir='ltr'>Peripateticos</span> <span class='ocrx_word' id='word_1_67' title='bbox 1778 927 1856 989; x_wconf 89' lang='lat' dir='ltr'>ob</span> 
     </span>
     <span class='ocr_line' id='line_1_13' title="bbox 279 1006 1850 1080; baseline -0.003 -7"><span class='ocrx_word' id='word_1_68' title='bbox 279 1006 538 1073; x_wconf 82' lang='lat' dir='ltr'>admissas</span> <span class='ocrx_word' id='word_1_69' title='bbox 583 1010 757 1073; x_wconf 80' lang='lat' dir='ltr'>reales</span> <span class='ocrx_word' id='word_1_70' title='bbox 797 1007 1016 1072; x_wconf 83' lang='lat' dir='ltr'>formas</span> <span class='ocrx_word' id='word_1_71' title='bbox 1057 1008 1127 1070; x_wconf 81' lang='lat' dir='ltr'>iis</span> <span class='ocrx_word' id='word_1_72' title='bbox 1166 1006 1413 1080; x_wconf 72' lang='lat' dir='ltr'>similes,</span> <span class='ocrx_word' id='word_1_73' title='bbox 1508 1028 1607 1070; x_wconf 77' lang='lat' dir='ltr'>uas</span> <span class='ocrx_word' id='word_1_74' title='bbox 1627 1009 1850 1071; x_wconf 79' lang='lat' dir='ltr'>Anaxi·</span> 
     </span>
     <span class='ocr_line' id='line_1_14' title="bbox 274 1026 1851 1187; baseline -0.003 -34"><span class='ocrx_word' id='word_1_75' title='bbox 274 1088 512 1154; x_wconf 81' lang='lat' dir='ltr'>mandet</span> <span class='ocrx_word' id='word_1_76' title='bbox 549 1090 915 1187; x_wconf 75' lang='lat' dir='ltr'>cpnfixerat;</span> <span class='ocrx_word' id='word_1_77' title='bbox 962 1092 1124 1185; x_wconf 76' lang='lat' dir='ltr'>Nam</span> <span class='ocrx_word' id='word_1_78' title='bbox 1171 1088 1213 1149; x_wconf 90' lang='lat' dir='ltr'>ii</span> <span class='ocrx_word' id='word_1_79' title='bbox 1238 1087 1381 1152; x_wconf 53' lang='lat' dir='ltr'>reae</span> <span class='ocrx_word' id='word_1_80' title='bbox 1402 1026 1619 1153; x_wconf 78' lang='lat' dir='ltr'>dqueo</span> <span class='ocrx_word' id='word_1_81' title='bbox 1647 1135 1666 1166; x_wconf 88' lang='lat'>‚</span> <span class='ocrx_word' id='word_1_82' title='bbox 1712 1087 1851 1165; x_wconf 79' lang='lat' dir='ltr'>eius·</span> 
     </span>
     <span class='ocr_line' id='line_1_15' title="bbox 278 1168 1854 1342; baseline -0.001 -25"><span class='ocrx_word' id='word_1_83' title='bbox 278 1172 803 1327; x_wconf 39' lang='lat' dir='ltr'>quzgzztglffiedrlgt’a</span> <span class='ocrx_word' id='word_1_84' title='bbox 822 1168 1389 1342; x_wconf 41' lang='lat' dir='ltr'>gaggandam</span> <span class='ocrx_word' id='word_1_85' title='bbox 1409 1294 1430 1323; x_wconf 80' lang='grc'><em>,</em></span> <span class='ocrx_word' id='word_1_86' title='bbox 1474 1215 1652 1331; x_wconf 83' lang='lat' dir='ltr'>quam</span> <span class='ocrx_word' id='word_1_87' title='bbox 1701 1251 1854 1315; x_wconf 85' lang='lat' dir='ltr'>levia</span> 
     </span>
     <span class='ocr_line' id='line_1_16' title="bbox 271 1330 1847 1414; baseline -0.003 -15"><span class='ocrx_word' id='word_1_88' title='bbox 271 1336 333 1399; x_wconf 87' lang='lat'>&amp;</span> <span class='ocrx_word' id='word_1_89' title='bbox 375 1332 625 1413; x_wconf 71' lang='lat' dir='ltr'>suspefla</span> <span class='ocrx_word' id='word_1_90' title='bbox 666 1332 770 1393; x_wconf 81' lang='lat' dir='ltr'>sint</span> <span class='ocrx_word' id='word_1_91' title='bbox 814 1330 1062 1407; x_wconf 72' lang='lat' dir='ltr'>indicia,</span> <span class='ocrx_word' id='word_1_92' title='bbox 1129 1331 1344 1410; x_wconf 88' lang='lat' dir='ltr'>quibus</span> <span class='ocrx_word' id='word_1_93' title='bbox 1386 1331 1613 1414; x_wconf 78' lang='lat' dir='ltr'>profani</span> <span class='ocrx_word' id='word_1_94' title='bbox 1657 1334 1847 1395; x_wconf 87' lang='lat' dir='ltr'>homi·</span> 
     </span>
     <span class='ocr_line' id='line_1_17' title="bbox 271 1407 1849 1495; baseline 0 -17"><span class='ocrx_word' id='word_1_95' title='bbox 271 1436 372 1480; x_wconf 74' lang='lat' dir='ltr'>nes</span> <span class='ocrx_word' id='word_1_96' title='bbox 412 1407 900 1486; x_wconf 44' lang='lat' dir='ltr'>moventurfad</span> <span class='ocrx_word' id='word_1_97' title='bbox 936 1412 1260 1495; x_wconf 45' lang='lat' dir='ltr'>»augendum</span> <span class='ocrx_word' id='word_1_98' title='bbox 1303 1415 1608 1479; x_wconf 91' lang='lat' dir='ltr'>atheorum</span> <span class='ocrx_word' id='word_1_99' title='bbox 1654 1434 1849 1478; x_wconf 75' lang='lat' dir='ltr'>nume·</span> 
     </span>
     <span class='ocr_line' id='line_1_18' title="bbox 273 1493 1850 1580; baseline 0.001 -22"><span class='ocrx_word' id='word_1_100' title='bbox 273 1515 443 1568; x_wconf 88' lang='lat' dir='ltr'>rum,</span> <span class='ocrx_word' id='word_1_101' title='bbox 487 1510 663 1575; x_wconf 87' lang='lat' dir='ltr'>atque</span> <span class='ocrx_word' id='word_1_102' title='bbox 684 1493 753 1555; x_wconf 90' lang='lat' dir='ltr'>ad</span> <span class='ocrx_word' id='word_1_103' title='bbox 774 1493 1324 1580; x_wconf 39' lang='lat' dir='ltr'>conciliandam-per</span> <span class='ocrx_word' id='word_1_104' title='bbox 1369 1497 1614 1558; x_wconf 87' lang='lat' dir='ltr'>aliorum</span> <span class='ocrx_word' id='word_1_105' title='bbox 1662 1496 1850 1559; x_wconf 62' lang='lat' dir='ltr'>aufto·</span> 
     </span>
     <span class='ocr_line' id='line_1_19' title="bbox 265 1574 1853 1660; baseline 0 -21"><span class='ocrx_word' id='word_1_106' title='bbox 265 1579 499 1641; x_wconf 86' lang='lat' dir='ltr'>ritatem</span> <span class='ocrx_word' id='word_1_107' title='bbox 541 1574 854 1657; x_wconf 84' lang='lat' dir='ltr'>quamdam</span> <span class='ocrx_word' id='word_1_108' title='bbox 885 1576 1218 1660; x_wconf 77' lang='lat' dir='ltr'>impietatis</span> <span class='ocrx_word' id='word_1_109' title='bbox 1254 1575 1814 1643; x_wconf 67' lang='lat' dir='ltr'>verisimilitudinem</span> <span class='ocrx_word' id='word_1_110' title='bbox 1835 1623 1853 1649; x_wconf 82' lang='lat'>‚</span> 
     </span>
     <span class='ocr_line' id='line_1_20' title="bbox 275 1655 1844 1754; baseline -0.001 -32"><span class='ocrx_word' id='word_1_111' title='bbox 275 1655 575 1722; x_wconf 80' lang='lat' dir='ltr'>observare</span> <span class='ocrx_word' id='word_1_112' title='bbox 613 1658 800 1721; x_wconf 82' lang='lat' dir='ltr'>etiam</span> <span class='ocrx_word' id='word_1_113' title='bbox 846 1659 1053 1724; x_wconf 73' lang='lat' dir='ltr'>necesse</span> <span class='ocrx_word' id='word_1_114' title='bbox 1093 1659 1205 1752; x_wconf 43' lang='lat' dir='ltr'>est)</span> <span class='ocrx_word' id='word_1_115' title='bbox 1233 1737 1246 1752; x_wconf 36' lang='lat'><em>⁶</em></span> <span class='ocrx_word' id='word_1_116' title='bbox 1269 1657 1557 1754; x_wconf 73' lang='lat' dir='ltr'>Homines</span> <span class='ocrx_word' id='word_1_117' title='bbox 1597 1659 1844 1741; x_wconf 88' lang='lat' dir='ltr'>plerum·</span> 
     </span>
     <span class='ocr_line' id='line_1_21' title="bbox 262 1737 1844 1903; baseline 0.003 -22"><span class='ocrx_word' id='word_1_118' title='bbox 262 1737 1041 1900; x_wconf 57' lang='lat' dir='ltr'>3¹:511?23532,’v:?²q0¹3‚¹i‘</span> <span class='ocrx_word' id='word_1_119' title='bbox 1066 1739 1364 1883; x_wconf 53' lang='grc' dir='ltr'>ἑῗὲὅῖἒῗὲ</span> <span class='ocrx_word' id='word_1_120' title='bbox 1400 1738 1736 1903; x_wconf 58' lang='lat' dir='ltr'>ffiffioss&#39;</span> <span class='ocrx_word' id='word_1_121' title='bbox 1740 1761 1844 1886; x_wconf 58' lang='lat'>⁰12¹?</span> 
     </span>
     <span class='ocr_line' id='line_1_22' title="bbox 266 1898 1841 1984; baseline 0.001 -22"><span class='ocrx_word' id='word_1_122' title='bbox 266 1899 552 1984; x_wconf 88' lang='lat' dir='ltr'>ligionem</span> <span class='ocrx_word' id='word_1_123' title='bbox 593 1921 709 1968; x_wconf 86' lang='lat' dir='ltr'>non</span> <span class='ocrx_word' id='word_1_124' title='bbox 753 1898 1078 1977; x_wconf 85' lang='lat' dir='ltr'>servarent,</span> <span class='ocrx_word' id='word_1_125' title='bbox 1125 1924 1196 1965; x_wconf 83' lang='lat' dir='ltr'>ve</span> <span class='ocrx_word' id='word_1_126' title='bbox 1260 1902 1417 1983; x_wconf 83' lang='lat' dir='ltr'>quod</span> <span class='ocrx_word' id='word_1_127' title='bbox 1457 1899 1600 1964; x_wconf 81' lang='lat' dir='ltr'>falsa</span> <span class='ocrx_word' id='word_1_128' title='bbox 1653 1902 1841 1966; x_wconf 86' lang='lat' dir='ltr'>numi·</span> 
     </span>
     <span class='ocr_line' id='line_1_23' title="bbox 268 1979 1846 2062; baseline 0 -18"><span class='ocrx_word' id='word_1_129' title='bbox 268 2005 344 2046; x_wconf 88' lang='lat' dir='ltr'>na</span> <span class='ocrx_word' id='word_1_130' title='bbox 385 1984 677 2057; x_wconf 77' lang='lat' dir='ltr'>colerent,</span> <span class='ocrx_word' id='word_1_131' title='bbox 734 1979 832 2044; x_wconf 83' lang='lat' dir='ltr'>vel</span> <span class='ocrx_word' id='word_1_132' title='bbox 877 1982 1032 2062; x_wconf 87' lang='lat' dir='ltr'>quod</span> <span class='ocrx_word' id='word_1_133' title='bbox 1075 1980 1273 2045; x_wconf 86' lang='lat' dir='ltr'>datam</span> <span class='ocrx_word' id='word_1_134' title='bbox 1315 1980 1488 2048; x_wconf 86' lang='lat' dir='ltr'>fidem</span> <span class='ocrx_word' id='word_1_135' title='bbox 1528 1982 1700 2048; x_wconf 81' lang='lat' dir='ltr'>facile</span> <span class='ocrx_word' id='word_1_136' title='bbox 1760 1984 1846 2044; x_wconf 87' lang='lat' dir='ltr'>in·</span> 
     </span>
     <span class='ocr_line' id='line_1_24' title="bbox 264 2059 1853 2147; baseline 0.001 -22"><span class='ocrx_word' id='word_1_137' title='bbox 264 2062 574 2147; x_wconf 83' lang='lat' dir='ltr'>fringetent</span> <span class='ocrx_word' id='word_1_138' title='bbox 601 2102 619 2137; x_wconf 88' lang='lat'><strong>‚</strong></span> <span class='ocrx_word' id='word_1_139' title='bbox 681 2061 775 2125; x_wconf 83' lang='lat' dir='ltr'>vel</span> <span class='ocrx_word' id='word_1_140' title='bbox 817 2059 1063 2143; x_wconf 78' lang='lat' dir='ltr'>denique</span> <span class='ocrx_word' id='word_1_141' title='bbox 1108 2066 1263 2144; x_wconf 87' lang='lat' dir='ltr'>quod</span> <span class='ocrx_word' id='word_1_142' title='bbox 1301 2060 1551 2130; x_wconf 71' lang='lat' dir='ltr'>efferatis</span> <span class='ocrx_word' id='word_1_143' title='bbox 1591 2064 1853 2129; x_wconf 86' lang='lat' dir='ltr'>moribus</span> 
     </span>
     <span class='ocr_line' id='line_1_25' title="bbox 268 2144 1840 2229; baseline 0 -22"><span class='ocrx_word' id='word_1_144' title='bbox 268 2147 623 2209; x_wconf 80' lang='lat' dir='ltr'>ostenderent</span> <span class='ocrx_word' id='word_1_145' title='bbox 666 2163 871 2221; x_wconf 84' lang='lat' dir='ltr'>parum</span> <span class='ocrx_word' id='word_1_146' title='bbox 917 2144 1069 2228; x_wconf 84' lang='lat' dir='ltr'>apud</span> <span class='ocrx_word' id='word_1_147' title='bbox 1110 2166 1208 2209; x_wconf 90' lang='lat' dir='ltr'>eos</span> <span class='ocrx_word' id='word_1_148' title='bbox 1249 2146 1495 2229; x_wconf 78' lang='lat' dir='ltr'>potuisse</span> <span class='ocrx_word' id='word_1_149' title='bbox 1552 2147 1840 2209; x_wconf 81' lang='lat' dir='ltr'>minarum</span> 
     </span>
     <span class='ocr_line' id='line_1_26' title="bbox 275 2223 1845 2309; baseline 0.001 -22"><span class='ocrx_word' id='word_1_150' title='bbox 275 2223 523 2309; x_wconf 84' lang='lat' dir='ltr'>supremi</span> <span class='ocrx_word' id='word_1_151' title='bbox 589 2223 875 2288; x_wconf 82' lang='lat' dir='ltr'>Numinis</span> <span class='ocrx_word' id='word_1_152' title='bbox 917 2243 1139 2291; x_wconf 89' lang='lat' dir='ltr'>metum</span> <span class='ocrx_word' id='word_1_153' title='bbox 1192 2270 1212 2303; x_wconf 91' lang='lat'>,</span> <span class='ocrx_word' id='word_1_154' title='bbox 1273 2244 1444 2309; x_wconf 88' lang='lat' dir='ltr'>atque</span> <span class='ocrx_word' id='word_1_155' title='bbox 1507 2246 1781 2293; x_wconf 84' lang='lat' dir='ltr'>terrorem</span> <span class='ocrx_word' id='word_1_156' title='bbox 1828 2270 1845 2288; x_wconf 89' lang='lat'><strong>.</strong></span> 
     </span>
     <span class='ocr_line' id='line_1_27' title="bbox 272 2306 1853 2392; baseline 0.001 -23"><span class='ocrx_word' id='word_1_157' title='bbox 272 2309 411 2369; x_wconf 81' lang='lat' dir='ltr'>Haec</span> <span class='ocrx_word' id='word_1_158' title='bbox 448 2306 658 2368; x_wconf 69' lang='lat' dir='ltr'>omnia</span> <span class='ocrx_word' id='word_1_159' title='bbox 699 2308 984 2391; x_wconf 80' lang='lat' dir='ltr'>exemplis</span> <span class='ocrx_word' id='word_1_160' title='bbox 1029 2307 1382 2390; x_wconf 78' lang='lat' dir='ltr'>probantur.</span> <span class='ocrx_word' id='word_1_161' title='bbox 1435 2310 1810 2392; x_wconf 78' lang='lat' dir='ltr'>Anaxagoras</span> <span class='ocrx_word' id='word_1_162' title='bbox 1838 2354 1853 2370; x_wconf 90' lang='lat'><strong>.</strong></span> 
     </span>
     <span class='ocr_line' id='line_1_28' title="bbox 271 2387 1853 2471; baseline 0.003 -20"><span class='ocrx_word' id='word_1_163' title='bbox 271 2391 566 2463; x_wconf 82' lang='lat' dir='ltr'>Socrates,</span> <span class='ocrx_word' id='word_1_164' title='bbox 612 2387 674 2451; x_wconf 74' lang='grc' dir='ltr'>δι</span> <span class='ocrx_word' id='word_1_165' title='bbox 720 2389 1110 2454; x_wconf 82' lang='lat' dir='ltr'>Evehemerus</span> <span class='ocrx_word' id='word_1_166' title='bbox 1151 2388 1224 2452; x_wconf 84' lang='lat' dir='ltr'>ab</span> <span class='ocrx_word' id='word_1_167' title='bbox 1263 2391 1518 2471; x_wconf 85' lang='lat' dir='ltr'>antiquis</span> <span class='ocrx_word' id='word_1_168' title='bbox 1563 2389 1853 2455; x_wconf 85' lang='lat' dir='ltr'>nonnullis</span> 
     </span>
     <span class='ocr_line' id='line_1_29' title="bbox 278 2468 1847 2557; baseline 0.003 -26"><span class='ocrx_word' id='word_1_169' title='bbox 278 2468 467 2557; x_wconf 80' lang='lat' dir='ltr'>Athei</span> <span class='ocrx_word' id='word_1_170' title='bbox 511 2468 789 2554; x_wconf 82' lang='lat' dir='ltr'>appellati</span> <span class='ocrx_word' id='word_1_171' title='bbox 835 2470 1027 2548; x_wconf 83' lang='lat' dir='ltr'>fuere,</span> <span class='ocrx_word' id='word_1_172' title='bbox 1074 2469 1213 2534; x_wconf 88' lang='lat' dir='ltr'>licet</span> <span class='ocrx_word' id='word_1_173' title='bbox 1257 2471 1444 2534; x_wconf 83' lang='lat' dir='ltr'>Deum</span> <span class='ocrx_word' id='word_1_174' title='bbox 1489 2472 1705 2536; x_wconf 82' lang='lat' dir='ltr'>Mundi</span> <span class='ocrx_word' id='word_1_175' title='bbox 1751 2493 1847 2535; x_wconf 86' lang='lat' dir='ltr'>au·</span> 
     </span>
     <span class='ocr_line' id='line_1_30' title="bbox 274 2550 1849 2636; baseline 0.004 -25"><span class='ocrx_word' id='word_1_176' title='bbox 274 2550 487 2615; x_wconf 68' lang='lat' dir='ltr'>&amp;orem</span> <span class='ocrx_word' id='word_1_177' title='bbox 522 2598 542 2630; x_wconf 89' lang='lat'>,</span> <span class='ocrx_word' id='word_1_178' title='bbox 607 2552 993 2634; x_wconf 68' lang='lat' dir='ltr'>refloremque</span> <span class='ocrx_word' id='word_1_179' title='bbox 1049 2550 1412 2633; x_wconf 77' lang='lat' dir='ltr'>agnoscerent</span> <span class='ocrx_word' id='word_1_180' title='bbox 1452 2597 1470 2629; x_wconf 93' lang='lat'>,</span> <span class='ocrx_word' id='word_1_181' title='bbox 1536 2572 1712 2636; x_wconf 88' lang='lat' dir='ltr'>atque</span> <span class='ocrx_word' id='word_1_182' title='bbox 1750 2555 1849 2617; x_wconf 91' lang='lat' dir='ltr'>do·</span> 
     </span>
     <span class='ocr_line' id='line_1_31' title="bbox 270 2633 1852 2717; baseline 0.001 -21"><span class='ocrx_word' id='word_1_183' title='bbox 270 2651 499 2709; x_wconf 83' lang='lat' dir='ltr'>cerent,</span> <span class='ocrx_word' id='word_1_184' title='bbox 545 2634 947 2717; x_wconf 82' lang='lat' dir='ltr'>quiaprimus</span> <span class='ocrx_word' id='word_1_185' title='bbox 988 2633 1182 2696; x_wconf 87' lang='lat' dir='ltr'>Solem</span> <span class='ocrx_word' id='word_1_186' title='bbox 1224 2656 1256 2698; x_wconf 90' lang='lat' dir='ltr'>e</span> <span class='ocrx_word' id='word_1_187' title='bbox 1305 2635 1558 2698; x_wconf 80' lang='lat' dir='ltr'>Deorum</span> <span class='ocrx_word' id='word_1_188' title='bbox 1605 2655 1852 2699; x_wconf 86' lang='lat' dir='ltr'>numero</span> 
     </span>
     <span class='ocr_line' id='line_1_32' title="bbox 273 2713 1852 2797; baseline 0 -19"><span class='ocrx_word' id='word_1_189' title='bbox 273 2713 601 2797; x_wconf 81' lang='lat' dir='ltr'>expunxit3</span> <span class='ocrx_word' id='word_1_190' title='bbox 644 2714 791 2779; x_wconf 84' lang='lat' dir='ltr'>alter</span> <span class='ocrx_word' id='word_1_191' title='bbox 835 2715 989 2779; x_wconf 85' lang='lat' dir='ltr'>Deos</span> <span class='ocrx_word' id='word_1_192' title='bbox 1029 2718 1291 2795; x_wconf 87' lang='lat' dir='ltr'>gentium</span> <span class='ocrx_word' id='word_1_193' title='bbox 1337 2715 1621 2782; x_wconf 85' lang='lat' dir='ltr'>recusavit</span> <span class='ocrx_word' id='word_1_194' title='bbox 1663 2739 1679 2787; x_wconf 72' lang='grc' dir='ltr'><strong>ς</strong></span> <span class='ocrx_word' id='word_1_195' title='bbox 1739 2736 1852 2781; x_wconf 89' lang='lat' dir='ltr'>ter·</span> 
     </span>
     <span class='ocr_line' id='line_1_33' title="bbox 275 2795 1851 2883; baseline 0.001 -25"><span class='ocrx_word' id='word_1_196' title='bbox 275 2795 393 2858; x_wconf 87' lang='lat' dir='ltr'>tius</span> <span class='ocrx_word' id='word_1_197' title='bbox 434 2814 574 2859; x_wconf 82' lang='lat' dir='ltr'>vero</span> <span class='ocrx_word' id='word_1_198' title='bbox 616 2840 634 2869; x_wconf 89' lang='lat'>,</span> <span class='ocrx_word' id='word_1_199' title='bbox 700 2795 839 2874; x_wconf 86' lang='lat' dir='ltr'>quia</span> <span class='ocrx_word' id='word_1_200' title='bbox 886 2797 1139 2859; x_wconf 87' lang='lat' dir='ltr'>Deorum</span> <span class='ocrx_word' id='word_1_201' title='bbox 1183 2797 1418 2861; x_wconf 80' lang='lat' dir='ltr'>Graeciae</span> <span class='ocrx_word' id='word_1_202' title='bbox 1480 2797 1851 2883; x_wconf 88' lang='lat' dir='ltr'>popularium</span> 
     </span>
     <span class='ocr_line' id='line_1_34' title="bbox 275 2876 1850 2959; baseline 0.003 -20"><span class='ocrx_word' id='word_1_203' title='bbox 275 2894 472 2941; x_wconf 85' lang='lat' dir='ltr'>ortum</span> <span class='ocrx_word' id='word_1_204' title='bbox 519 2920 538 2953; x_wconf 88' lang='lat'>‚</span> <span class='ocrx_word' id='word_1_205' title='bbox 599 2878 659 2940; x_wconf 80' lang='grc' dir='ltr'>δι</span> <span class='ocrx_word' id='word_1_206' title='bbox 703 2876 978 2959; x_wconf 80' lang='lat' dir='ltr'>sepulcra·</span> <span class='ocrx_word' id='word_1_207' title='bbox 995 2879 1478 2943; x_wconf 84' lang='lat' dir='ltr'>demonstraverat</span> <span class='ocrx_word' id='word_1_208' title='bbox 1521 2924 1540 2953; x_wconf 93' lang='lat'><strong>‚</strong></span> <span class='ocrx_word' id='word_1_209' title='bbox 1609 2898 1674 2942; x_wconf 87' lang='lat' dir='ltr'>ut</span> <span class='ocrx_word' id='word_1_210' title='bbox 1717 2880 1850 2944; x_wconf 87' lang='lat' dir='ltr'>Cle-</span> 
     </span>
     <span class='ocr_line' id='line_1_35' title="bbox 277 2957 1850 3033; baseline 0.002 -15"><span class='ocrx_word' id='word_1_211' title='bbox 277 2978 440 3022; x_wconf 77' lang='lat' dir='ltr'>mens</span> <span class='ocrx_word' id='word_1_212' title='bbox 481 2957 906 3024; x_wconf 78' lang='lat' dir='ltr'>Alexandrinus</span> <span class='ocrx_word' id='word_1_213' title='bbox 946 2958 1189 3023; x_wconf 80' lang='lat' dir='ltr'>ostendit</span> <span class='ocrx_word' id='word_1_214' title='bbox 1233 3003 1249 3020; x_wconf 90' lang='lat'><strong>.</strong></span> <span class='ocrx_word' id='word_1_215' title='bbox 1322 2960 1571 3025; x_wconf 81' lang='lat' dir='ltr'>Accedit</span> <span class='ocrx_word' id='word_1_216' title='bbox 1616 2959 1792 3023; x_wconf 88' lang='lat' dir='ltr'>etiam</span> <span class='ocrx_word' id='word_1_217' title='bbox 1832 3004 1850 3033; x_wconf 90' lang='lat'>‚</span> 
     </span>
     <span class='ocr_line' id='line_1_36' title="bbox 279 3039 1854 3123; baseline 0.003 -26"><span class='ocrx_word' id='word_1_218' title='bbox 279 3039 499 3101; x_wconf 59' lang='lat' dir='ltr'>lud-„eos</span> <span class='ocrx_word' id='word_1_219' title='bbox 538 3040 600 3102; x_wconf 82' lang='grc' dir='ltr'>δι</span> <span class='ocrx_word' id='word_1_220' title='bbox 641 3039 995 3104; x_wconf 78' lang='lat' dir='ltr'>Christianos</span> <span class='ocrx_word' id='word_1_221' title='bbox 1039 3041 1266 3104; x_wconf 86' lang='lat' dir='ltr'>Atheos</span> <span class='ocrx_word' id='word_1_222' title='bbox 1307 3064 1342 3103; x_wconf 91' lang='lat' dir='ltr'>a</span> <span class='ocrx_word' id='word_1_223' title='bbox 1384 3042 1675 3105; x_wconf 81' lang='lat' dir='ltr'>Gentibus</span> <span class='ocrx_word' id='word_1_224' title='bbox 1733 3040 1854 3123; x_wconf 85' lang='lat' dir='ltr'>pas-</span> 
     </span>
     <span class='ocr_line' id='line_1_37' title="bbox 285 3118 1857 3203; baseline 0.005 -28"><span class='ocrx_word' id='word_1_225' title='bbox 285 3123 377 3179; x_wconf 60' lang='lat' dir='ltr'>sim</span> <span class='ocrx_word' id='word_1_226' title='bbox 441 3119 762 3201; x_wconf 83' lang='lat' dir='ltr'>appellatos</span> <span class='ocrx_word' id='word_1_227' title='bbox 802 3118 956 3184; x_wconf 82' lang='lat' dir='ltr'>fuisse</span> <span class='ocrx_word' id='word_1_228' title='bbox 996 3166 1015 3197; x_wconf 90' lang='lat'><strong>‚</strong></span> <span class='ocrx_word' id='word_1_229' title='bbox 1084 3121 1241 3203; x_wconf 84' lang='lat' dir='ltr'>quod</span> <span class='ocrx_word' id='word_1_230' title='bbox 1288 3122 1453 3186; x_wconf 83' lang='lat' dir='ltr'>Idola</span> <span class='ocrx_word' id='word_1_231' title='bbox 1495 3165 1514 3195; x_wconf 84' lang='lat'><strong>,</strong></span> <span class='ocrx_word' id='word_1_232' title='bbox 1585 3140 1648 3184; x_wconf 90' lang='lat' dir='ltr'>ut</span> <span class='ocrx_word' id='word_1_233' title='bbox 1692 3122 1798 3202; x_wconf 82' lang='lat' dir='ltr'>ipsi</span> <span class='ocrx_word' id='word_1_234' title='bbox 1839 3166 1857 3197; x_wconf 92' lang='lat'>‚</span> 
     </span>
     <span class='ocr_line' id='line_1_38' title="bbox 281 3199 1860 3283; baseline 0.002 -20"><span class='ocrx_word' id='word_1_235' title='bbox 281 3223 393 3263; x_wconf 63' lang='lat' dir='ltr'>uun</span> <span class='ocrx_word' id='word_1_236' title='bbox 451 3199 705 3267; x_wconf 84' lang='lat' dir='ltr'>colerent</span> <span class='ocrx_word' id='word_1_237' title='bbox 746 3245 766 3278; x_wconf 90' lang='lat'>‚</span> <span class='ocrx_word' id='word_1_238' title='bbox 829 3219 894 3266; x_wconf 90' lang='lat' dir='ltr'>ut</span> <span class='ocrx_word' id='word_1_239' title='bbox 936 3223 1004 3265; x_wconf 82' lang='lat' dir='ltr'>ex</span> <span class='ocrx_word' id='word_1_240' title='bbox 1063 3202 1285 3274; x_wconf 84' lang='lat' dir='ltr'>Juslino</span> <span class='ocrx_word' id='word_1_241' title='bbox 1326 3247 1344 3278; x_wconf 92' lang='lat'>‚</span> <span class='ocrx_word' id='word_1_242' title='bbox 1421 3201 1800 3283; x_wconf 81' lang='lat' dir='ltr'>Athenagora</span> <span class='ocrx_word' id='word_1_243' title='bbox 1843 3249 1860 3277; x_wconf 90' lang='lat'>,</span> 
     </span>
     <span class='ocr_line' id='line_1_39' title="bbox 283 3280 1858 3366; baseline 0.004 -27"><span class='ocrx_word' id='word_1_244' title='bbox 283 3280 648 3356; x_wconf 68' lang='lat' dir='ltr'>Tertulliano</span> <span class='ocrx_word' id='word_1_245' title='bbox 688 3326 709 3357; x_wconf 80' lang='lat'>,</span> <span class='ocrx_word' id='word_1_246' title='bbox 790 3282 1028 3365; x_wconf 83' lang='lat' dir='ltr'>aliisque</span> <span class='ocrx_word' id='word_1_247' title='bbox 1106 3282 1447 3348; x_wconf 69' lang='lat' dir='ltr'>Christianae</span> <span class='ocrx_word' id='word_1_248' title='bbox 1537 3283 1858 3366; x_wconf 83' lang='lat' dir='ltr'>Religionis</span> 
     </span>
     <span class='ocr_line' id='line_1_40' title="bbox 289 3359 1854 3441; baseline 0.003 -18"><span class='ocrx_word' id='word_1_249' title='bbox 289 3359 687 3441; x_wconf 61' lang='grc' dir='ltr'>ὴμυὶοςίίὶίς,</span> <span class='ocrx_word' id='word_1_250' title='bbox 734 3366 1051 3428; x_wconf 77' lang='lat' dir='ltr'>novi.mus.‘</span> <span class='ocrx_word' id='word_1_251' title='bbox 1098 3364 1254 3428; x_wconf 86' lang='lat' dir='ltr'>Item</span> <span class='ocrx_word' id='word_1_252' title='bbox 1305 3364 1617 3439; x_wconf 80' lang='lat' dir='ltr'>Atlantes,</span> <span class='ocrx_word' id='word_1_253' title='bbox 1663 3381 1729 3428; x_wconf 89' lang='lat' dir='ltr'>ut</span> <span class='ocrx_word' id='word_1_254' title='bbox 1770 3386 1854 3428; x_wconf 89' lang='lat' dir='ltr'>re-</span> 
     </span>
     <span class='ocr_line' id='line_1_41' title="bbox 285 3442 1858 3529; baseline 0.003 -26"><span class='ocrx_word' id='word_1_255' title='bbox 285 3455 389 3507; x_wconf 52' lang='lat' dir='ltr'>hrt</span> <span class='ocrx_word' id='word_1_256' title='bbox 429 3442 632 3517; x_wconf 86' lang='lat' dir='ltr'>Mela,</span> <span class='ocrx_word' id='word_1_257' title='bbox 679 3461 851 3525; x_wconf 89' lang='lat' dir='ltr'>atque</span> <span class='ocrx_word' id='word_1_258' title='bbox 888 3446 1213 3528; x_wconf 74' lang='lat' dir='ltr'>AEthyopes</span> <span class='ocrx_word' id='word_1_259' title='bbox 1241 3491 1259 3522; x_wconf 85' lang='lat'>,</span> <span class='ocrx_word' id='word_1_260' title='bbox 1318 3446 1421 3529; x_wconf 91' lang='lat' dir='ltr'>qui</span> <span class='ocrx_word' id='word_1_261' title='bbox 1464 3446 1533 3508; x_wconf 86' lang='lat' dir='ltr'>ad</span> <span class='ocrx_word' id='word_1_262' title='bbox 1576 3444 1858 3509; x_wconf 88' lang='lat' dir='ltr'>torridam</span> 
     </span>
     <span class='ocr_line' id='line_1_42' title="bbox 285 3524 1863 3609; baseline 0.002 -22"><span class='ocrx_word' id='word_1_263' title='bbox 285 3543 491 3588; x_wconf 62' lang='lat' dir='ltr'>mnam</span> <span class='ocrx_word' id='word_1_264' title='bbox 513 3524 811 3599; x_wconf 78' lang='lat' dir='ltr'>habitant,</span> <span class='ocrx_word' id='word_1_265' title='bbox 855 3530 988 3592; x_wconf 85' lang='lat' dir='ltr'>tesle</span> <span class='ocrx_word' id='word_1_266' title='bbox 1012 3527 1329 3602; x_wconf 84' lang='lat' dir='ltr'>Strabone,</span> <span class='ocrx_word' id='word_1_267' title='bbox 1377 3527 1564 3592; x_wconf 87' lang='lat' dir='ltr'>Athei</span> <span class='ocrx_word' id='word_1_268' title='bbox 1585 3526 1863 3609; x_wconf 87' lang='lat' dir='ltr'>appellati</span> 
     </span>
     <span class='ocr_line' id='line_1_43' title="bbox 289 3607 1863 3748; baseline 0.003 -81"><span class='ocrx_word' id='word_1_269' title='bbox 289 3611 439 3699; x_wconf 49' lang='lat' dir='ltr'>suere</span> <span class='ocrx_word' id='word_1_270' title='bbox 455 3647 474 3682; x_wconf 92' lang='lat'>,</span> <span class='ocrx_word' id='word_1_271' title='bbox 519 3607 676 3748; x_wconf 39' lang='lat' dir='ltr'>duod</span> <span class='ocrx_word' id='word_1_272' title='bbox 695 3608 886 3673; x_wconf 85' lang='lat' dir='ltr'>Solem</span> <span class='ocrx_word' id='word_1_273' title='bbox 909 3626 1315 3680; x_wconf 59' lang='lat' dir='ltr'>execrarentur</span> <span class='ocrx_word' id='word_1_274' title='bbox 1336 3652 1354 3684; x_wconf 93' lang='lat'>,</span> <span class='ocrx_word' id='word_1_275' title='bbox 1401 3608 1586 3674; x_wconf 83' lang='lat' dir='ltr'>veluti</span> <span class='ocrx_word' id='word_1_276' title='bbox 1613 3609 1740 3692; x_wconf 79' lang='lat' dir='ltr'>ipsis</span> <span class='ocrx_word' id='word_1_277' title='bbox 1760 3629 1863 3677; x_wconf 86' lang='lat' dir='ltr'>no-</span> 
     </span>
     <span class='ocr_line' id='line_1_44' title="bbox 289 3687 1863 3771; baseline 0.004 -24"><span class='ocrx_word' id='word_1_278' title='bbox 289 3703 493 3762; x_wconf 44' lang='lat' dir='ltr'>enum,</span> <span class='ocrx_word' id='word_1_279' title='bbox 561 3687 672 3752; x_wconf 89' lang='lat' dir='ltr'>icet</span> <span class='ocrx_word' id='word_1_280' title='bbox 691 3688 918 3767; x_wconf 79' lang='lat' dir='ltr'>aliunde</span> <span class='ocrx_word' id='word_1_281' title='bbox 937 3691 1187 3764; x_wconf 84' lang='lat' dir='ltr'>constet,</span> <span class='ocrx_word' id='word_1_282' title='bbox 1236 3688 1575 3771; x_wconf 81' lang='lat' dir='ltr'>religionem</span> <span class='ocrx_word' id='word_1_283' title='bbox 1596 3689 1863 3755; x_wconf 78' lang='lat' dir='ltr'>servasse·</span> 
     </span>
     <span class='ocr_line' id='line_1_45' title="bbox 289 3768 1865 3855; baseline 0.002 -24"><span class='ocrx_word' id='word_1_284' title='bbox 289 3768 522 3832; x_wconf 64' lang='lat' dir='ltr'>:fiat-:Eius</span> <span class='ocrx_word' id='word_1_285' title='bbox 542 3769 716 3833; x_wconf 87' lang='lat' dir='ltr'>Nilus</span> <span class='ocrx_word' id='word_1_286' title='bbox 745 3773 970 3834; x_wconf 83' lang='lat' dir='ltr'>Atheos</span> <span class='ocrx_word' id='word_1_287' title='bbox 991 3770 1229 3836; x_wconf 86' lang='lat' dir='ltr'>vocavit</span> <span class='ocrx_word' id='word_1_288' title='bbox 1255 3770 1478 3835; x_wconf 84' lang='lat' dir='ltr'>Arabes</span> <span class='ocrx_word' id='word_1_289' title='bbox 1505 3815 1521 3846; x_wconf 89' lang='lat'>,</span> <span class='ocrx_word' id='word_1_290' title='bbox 1566 3792 1712 3855; x_wconf 87' lang='lat' dir='ltr'>quos</span> <span class='ocrx_word' id='word_1_291' title='bbox 1730 3771 1865 3835; x_wconf 86' lang='lat' dir='ltr'>ado·</span> 
     </span>
     <span class='ocr_line' id='line_1_46' title="bbox 297 3849 1866 3918; baseline 0.005 -7"><span class='ocrx_word' id='word_1_292' title='bbox 297 3849 427 3913; x_wconf 70' lang='lat' dir='ltr'>rasse</span> <span class='ocrx_word' id='word_1_293' title='bbox 471 3850 824 3915; x_wconf 84' lang='lat' dir='ltr'>matutinam</span> <span class='ocrx_word' id='word_1_294' title='bbox 868 3853 1087 3916; x_wconf 86' lang='lat' dir='ltr'>stellam</span> <span class='ocrx_word' id='word_1_295' title='bbox 1133 3852 1418 3917; x_wconf 88' lang='lat' dir='ltr'>recenset.</span> <span class='ocrx_word' id='word_1_296' title='bbox 1461 3854 1560 3916; x_wconf 92' lang='lat' dir='ltr'>Ob</span> <span class='ocrx_word' id='word_1_297' title='bbox 1603 3852 1866 3918; x_wconf 79' lang='lat' dir='ltr'>efferatos</span> 
     </span>
     <span class='ocr_line' id='line_1_47' title="bbox 293 3927 1860 4018; baseline 0.007 -31"><span class='ocrx_word' id='word_1_298' title='bbox 293 3951 479 3995; x_wconf 70' lang='lat' dir='ltr'>mures</span> <span class='ocrx_word' id='word_1_299' title='bbox 519 3953 554 3994; x_wconf 88' lang='lat' dir='ltr'>a</span> <span class='ocrx_word' id='word_1_300' title='bbox 597 3927 945 4008; x_wconf 82' lang='lat' dir='ltr'>Macrobio,</span> <span class='ocrx_word' id='word_1_301' title='bbox 994 3933 1277 4016; x_wconf 89' lang='lat' dir='ltr'>Gigantes</span> <span class='ocrx_word' id='word_1_302' title='bbox 1313 3978 1331 4009; x_wconf 82' lang='lat'>,</span> <span class='ocrx_word' id='word_1_303' title='bbox 1395 3955 1430 3996; x_wconf 89' lang='lat' dir='ltr'>a</span> <span class='ocrx_word' id='word_1_304' title='bbox 1469 3933 1798 4018; x_wconf 71' lang='lat' dir='ltr'>porphyrio</span> <span class='ocrx_word' id='word_1_305' title='bbox 1841 3980 1860 4009; x_wconf 90' lang='lat'>‚</span> 
     </span>
     <span class='ocr_line' id='line_1_48' title="bbox 293 4013 1865 4098; baseline 0.004 -27"><span class='ocrx_word' id='word_1_306' title='bbox 293 4015 505 4088; x_wconf 61' lang='lat' dir='ltr'>Thou,</span> <span class='ocrx_word' id='word_1_307' title='bbox 526 4014 588 4074; x_wconf 83' lang='lat'>&amp;</span> <span class='ocrx_word' id='word_1_308' title='bbox 609 4034 642 4075; x_wconf 89' lang='lat' dir='ltr'>a</span> <span class='ocrx_word' id='word_1_309' title='bbox 666 4013 943 4098; x_wconf 80' lang='lat' dir='ltr'>Dionysio</span> <span class='ocrx_word' id='word_1_310' title='bbox 966 4016 1253 4095; x_wconf 85' lang='lat' dir='ltr'>Periegete</span> <span class='ocrx_word' id='word_1_311' title='bbox 1296 4014 1652 4080; x_wconf 79' lang='lat' dir='ltr'>Nasamones</span> <span class='ocrx_word' id='word_1_312' title='bbox 1682 4016 1865 4081; x_wconf 78' lang='lat' dir='ltr'>Athei</span> 
     </span>
     <span class='ocr_line' id='line_1_49' title="bbox 294 4092 1865 4183; baseline 0.005 -32"><span class='ocrx_word' id='word_1_313' title='bbox 294 4093 485 4156; x_wconf 57' lang='lat' dir='ltr'>a-ncati</span> <span class='ocrx_word' id='word_1_314' title='bbox 505 4092 691 4169; x_wconf 82' lang='lat' dir='ltr'>fuere,</span> <span class='ocrx_word' id='word_1_315' title='bbox 741 4097 810 4159; x_wconf 90' lang='lat' dir='ltr'>de</span> <span class='ocrx_word' id='word_1_316' title='bbox 851 4116 1097 4177; x_wconf 84' lang='lat' dir='ltr'>quorum</span> <span class='ocrx_word' id='word_1_317' title='bbox 1138 4095 1267 4161; x_wconf 86' lang='lat' dir='ltr'>sane</span> <span class='ocrx_word' id='word_1_318' title='bbox 1287 4096 1592 4183; x_wconf 85' lang='lat' dir='ltr'>Religione</span> <span class='ocrx_word' id='word_1_319' title='bbox 1633 4096 1865 4162; x_wconf 78' lang='lat' dir='ltr'>aliunde</span> 
     </span>
     <span class='ocr_line' id='line_1_50' title="bbox 289 4174 1868 4271; baseline 0.006 -40"><span class='ocrx_word' id='word_1_320' title='bbox 289 4174 541 4237; x_wconf 69' lang='lat' dir='ltr'>cunstat.</span> <span class='ocrx_word' id='word_1_321' title='bbox 594 4174 854 4271; x_wconf 78' lang='lat' dir='ltr'>Denique</span> <span class='ocrx_word' id='word_1_322' title='bbox 880 4223 898 4255; x_wconf 92' lang='lat'>,</span> <span class='ocrx_word' id='word_1_323' title='bbox 926 4197 991 4241; x_wconf 90' lang='lat' dir='ltr'>ut</span> <span class='ocrx_word' id='word_1_324' title='bbox 1009 4177 1124 4242; x_wconf 88' lang='lat' dir='ltr'>alia</span> <span class='ocrx_word' id='word_1_325' title='bbox 1146 4179 1380 4250; x_wconf 81' lang='lat' dir='ltr'>mittam</span> <span class='ocrx_word' id='word_1_326' title='bbox 1403 4188 1452 4254; x_wconf 83' lang='lat'>‚·’</span> <span class='ocrx_word' id='word_1_327' title='bbox 1470 4178 1632 4242; x_wconf 86' lang='lat' dir='ltr'>Galli</span> <span class='ocrx_word' id='word_1_328' title='bbox 1655 4224 1673 4253; x_wconf 90' lang='lat'>‚</span> <span class='ocrx_word' id='word_1_329' title='bbox 1718 4198 1868 4259; x_wconf 91' lang='lat' dir='ltr'>quos</span> 
     </span>
    </p>
   </div>
   <div class='ocr_carea' id='block_1_4' title="bbox 1925 188 3541 4260">
    <p class='ocr_par' dir='ltr' id='par_1_4' title="bbox 1925 188 3541 2635">
     <span class='ocr_line' id='line_1_51' title="bbox 2017 188 3518 281; baseline -0.005 -21"><span class='ocrx_word' id='word_1_330' title='bbox 2017 198 2113 261; x_wconf 89' lang='lat' dir='ltr'>Ad</span> <span class='ocrx_word' id='word_1_331' title='bbox 2152 219 2405 263; x_wconf 89' lang='lat' dir='ltr'>errorem</span> <span class='ocrx_word' id='word_1_332' title='bbox 2450 198 2607 280; x_wconf 90' lang='lat' dir='ltr'>quod</span> <span class='ocrx_word' id='word_1_333' title='bbox 2650 196 2858 281; x_wconf 66' lang='lat' dir='ltr'>speGlat</span> <span class='ocrx_word' id='word_1_334' title='bbox 2887 240 2903 270; x_wconf 90' lang='lat'>,</span> <span class='ocrx_word' id='word_1_335' title='bbox 2967 188 3068 276; x_wconf 89' lang='lat' dir='ltr'>qui</span> <span class='ocrx_word' id='word_1_336' title='bbox 3116 188 3232 255; x_wconf 83' lang='lat' dir='ltr'>sola</span> <span class='ocrx_word' id='word_1_337' title='bbox 3265 188 3518 275; x_wconf 77' lang='lat' dir='ltr'>explica·</span> 
     </span>
     <span class='ocr_line' id='line_1_52' title="bbox 1936 277 3527 356; baseline -0.003 -14"><span class='ocrx_word' id='word_1_338' title='bbox 1936 278 2101 343; x_wconf 87' lang='lat' dir='ltr'>tione</span> <span class='ocrx_word' id='word_1_339' title='bbox 2146 279 2426 344; x_wconf 85' lang='lat' dir='ltr'>refellitur</span> <span class='ocrx_word' id='word_1_340' title='bbox 2468 324 2485 353; x_wconf 89' lang='lat'>‚</span> <span class='ocrx_word' id='word_1_341' title='bbox 2552 277 2687 343; x_wconf 84' lang='lat' dir='ltr'>satis</span> <span class='ocrx_word' id='word_1_342' title='bbox 2730 277 2997 342; x_wconf 82' lang='lat' dir='ltr'>duximus</span> <span class='ocrx_word' id='word_1_343' title='bbox 3036 291 3382 355; x_wconf 84' lang='lat' dir='ltr'>argumenta</span> <span class='ocrx_word' id='word_1_344' title='bbox 3424 295 3527 356; x_wconf 87' lang='lat' dir='ltr'>per</span> 
     </span>
     <span class='ocr_line' id='line_1_53' title="bbox 1944 353 3522 443; baseline -0.002 -21"><span class='ocrx_word' id='word_1_345' title='bbox 1944 360 2173 424; x_wconf 86' lang='lat' dir='ltr'>summa</span> <span class='ocrx_word' id='word_1_346' title='bbox 2212 362 2406 443; x_wconf 88' lang='lat' dir='ltr'>capita</span> <span class='ocrx_word' id='word_1_347' title='bbox 2447 360 2733 434; x_wconf 88' lang='lat' dir='ltr'>indicare,</span> <span class='ocrx_word' id='word_1_348' title='bbox 2777 359 2983 439; x_wconf 87' lang='lat' dir='ltr'>quibus</span> <span class='ocrx_word' id='word_1_349' title='bbox 3024 353 3390 431; x_wconf 81' lang='lat' dir='ltr'>confutatur,</span> <span class='ocrx_word' id='word_1_350' title='bbox 3456 377 3522 419; x_wconf 89' lang='lat' dir='ltr'>ac</span> 
     </span>
     <span class='ocr_line' id='line_1_54' title="bbox 1940 437 3523 523; baseline -0.003 -19"><span class='ocrx_word' id='word_1_351' title='bbox 1940 441 2311 517; x_wconf 72' lang='lat' dir='ltr'>celebrioreS,</span> <span class='ocrx_word' id='word_1_352' title='bbox 2356 442 2455 521; x_wconf 87' lang='lat' dir='ltr'>qui</span> <span class='ocrx_word' id='word_1_353' title='bbox 2478 439 2629 504; x_wconf 81' lang='lat' dir='ltr'>hunc</span> <span class='ocrx_word' id='word_1_354' title='bbox 2668 453 3191 523; x_wconf 83' lang='lat' dir='ltr'>oppugnaverunt,</span> <span class='ocrx_word' id='word_1_355' title='bbox 3241 437 3523 501; x_wconf 59' lang='lat' dir='ltr'>Aufflres</span> 
     </span>
     <span class='ocr_line' id='line_1_55' title="bbox 1942 517 3521 602; baseline -0.002 -18"><span class='ocrx_word' id='word_1_356' title='bbox 1942 521 2223 586; x_wconf 88' lang='lat' dir='ltr'>recensere</span> <span class='ocrx_word' id='word_1_357' title='bbox 2272 566 2287 583; x_wconf 90' lang='lat'><strong>.</strong></span> <span class='ocrx_word' id='word_1_358' title='bbox 2351 522 2612 584; x_wconf 89' lang='lat' dir='ltr'>Primum</span> <span class='ocrx_word' id='word_1_359' title='bbox 2677 522 2871 602; x_wconf 91' lang='lat' dir='ltr'>itaque</span> <span class='ocrx_word' id='word_1_360' title='bbox 2913 517 3209 583; x_wconf 78' lang='lat' dir='ltr'>consensus</span> <span class='ocrx_word' id='word_1_361' title='bbox 3248 517 3521 582; x_wconf 85' lang='lat' dir='ltr'>omnium</span> 
     </span>
     <span class='ocr_line' id='line_1_56' title="bbox 1939 599 3523 685; baseline -0.002 -20"><span class='ocrx_word' id='word_1_362' title='bbox 1939 602 2211 683; x_wconf 67' lang='lat' dir='ltr'>cujusque</span> <span class='ocrx_word' id='word_1_363' title='bbox 2252 603 2438 666; x_wconf 82' lang='lat' dir='ltr'>aetatis</span> <span class='ocrx_word' id='word_1_364' title='bbox 2481 602 2743 685; x_wconf 85' lang='lat' dir='ltr'>gentium</span> <span class='ocrx_word' id='word_1_365' title='bbox 2791 601 2851 664; x_wconf 90' lang='lat' dir='ltr'>in</span> <span class='ocrx_word' id='word_1_366' title='bbox 2898 601 3179 665; x_wconf 76' lang='lat' dir='ltr'>afferendo</span> <span class='ocrx_word' id='word_1_367' title='bbox 3223 599 3523 663; x_wconf 85' lang='lat' dir='ltr'>Mundum</span> 
     </span>
     <span class='ocr_line' id='line_1_57' title="bbox 1943 681 3523 767; baseline -0.001 -22"><span class='ocrx_word' id='word_1_368' title='bbox 1943 686 2159 748; x_wconf 78' lang='lat' dir='ltr'>statuto</span> <span class='ocrx_word' id='word_1_369' title='bbox 2205 701 2468 767; x_wconf 86' lang='lat' dir='ltr'>tempore</span> <span class='ocrx_word' id='word_1_370' title='bbox 2508 706 2542 746; x_wconf 87' lang='lat' dir='ltr'>a</span> <span class='ocrx_word' id='word_1_371' title='bbox 2583 686 2864 767; x_wconf 86' lang='lat' dir='ltr'>Supremo</span> <span class='ocrx_word' id='word_1_372' title='bbox 2908 681 3177 747; x_wconf 83' lang='lat' dir='ltr'>Numine</span> <span class='ocrx_word' id='word_1_373' title='bbox 3220 681 3523 744; x_wconf 80' lang='lat' dir='ltr'>conditum</span> 
     </span>
     <span class='ocr_line' id='line_1_58' title="bbox 1940 761 3516 848; baseline -0.002 -20"><span class='ocrx_word' id='word_1_374' title='bbox 1940 768 2086 840; x_wconf 78' lang='lat' dir='ltr'>ess&#39;e,</span> <span class='ocrx_word' id='word_1_375' title='bbox 2130 764 2395 846; x_wconf 87' lang='lat' dir='ltr'>cujusque</span> <span class='ocrx_word' id='word_1_376' title='bbox 2437 764 2805 846; x_wconf 89' lang='lat' dir='ltr'>providentia</span> <span class='ocrx_word' id='word_1_377' title='bbox 2844 763 3186 848; x_wconf 86' lang='lat' dir='ltr'>gubernari,</span> <span class='ocrx_word' id='word_1_378' title='bbox 3232 761 3516 825; x_wconf 67' lang='lat' dir='ltr'>inviflum</span> 
     </span>
     <span class='ocr_line' id='line_1_59' title="bbox 1938 843 3523 943; baseline 0 -34"><span class='ocrx_word' id='word_1_379' title='bbox 1938 866 2348 943; x_wconf 75' lang='lat' dir='ltr'>argumentum</span> <span class='ocrx_word' id='word_1_380' title='bbox 2394 846 2809 928; x_wconf 86' lang='lat' dir='ltr'>depromptum</span> <span class='ocrx_word' id='word_1_381' title='bbox 2854 846 2931 910; x_wconf 89' lang='lat' dir='ltr'>est</span> <span class='ocrx_word' id='word_1_382' title='bbox 2989 867 3061 909; x_wconf 78' lang='lat' dir='ltr'>ex</span> <span class='ocrx_word' id='word_1_383' title='bbox 3132 843 3447 908; x_wconf 82' lang='lat' dir='ltr'>traditione</span> <span class='ocrx_word' id='word_1_384' title='bbox 3486 866 3523 909; x_wconf 85' lang='lat' dir='ltr'>a</span> 
     </span>
     <span class='ocr_line' id='line_1_60' title="bbox 1937 924 3520 1012; baseline -0.001 -22"><span class='ocrx_word' id='word_1_385' title='bbox 1937 928 2146 1012; x_wconf 77' lang='lat' dir='ltr'>primis</span> <span class='ocrx_word' id='word_1_386' title='bbox 2188 928 2521 991; x_wconf 84' lang='lat' dir='ltr'>hominibus</span> <span class='ocrx_word' id='word_1_387' title='bbox 2562 928 2635 990; x_wconf 89' lang='lat' dir='ltr'>ad</span> <span class='ocrx_word' id='word_1_388' title='bbox 2676 929 2928 1010; x_wconf 83' lang='lat' dir='ltr'>posteros</span> <span class='ocrx_word' id='word_1_389' title='bbox 2986 925 3195 1010; x_wconf 89' lang='lat' dir='ltr'>ubique</span> <span class='ocrx_word' id='word_1_390' title='bbox 3257 924 3520 991; x_wconf 84' lang='lat' dir='ltr'>locorum</span> 
     </span>
     <span class='ocr_line' id='line_1_61' title="bbox 1935 1007 3521 1087; baseline 0 -15"><span class='ocrx_word' id='word_1_391' title='bbox 1935 1007 2170 1072; x_wconf 77' lang='lat' dir='ltr'>diffusos</span> <span class='ocrx_word' id='word_1_392' title='bbox 2214 1008 2568 1080; x_wconf 74' lang='lat' dir='ltr'>transmissa,</span> <span class='ocrx_word' id='word_1_393' title='bbox 2615 1030 2733 1087; x_wconf 86' lang='lat' dir='ltr'>quo</span> <span class='ocrx_word' id='word_1_394' title='bbox 2776 1009 3135 1083; x_wconf 81' lang='lat' dir='ltr'>ostenditur,</span> <span class='ocrx_word' id='word_1_395' title='bbox 3183 1007 3371 1069; x_wconf 86' lang='lat' dir='ltr'>Deum</span> <span class='ocrx_word' id='word_1_396' title='bbox 3418 1009 3521 1072; x_wconf 81' lang='lat' dir='ltr'>esl&#39;e</span> 
     </span>
     <span class='ocr_line' id='line_1_62' title="bbox 1937 1088 3519 1173; baseline -0.001 -20"><span class='ocrx_word' id='word_1_397' title='bbox 1937 1093 2280 1173; x_wconf 77' lang='lat' dir='ltr'>Supremam</span> <span class='ocrx_word' id='word_1_398' title='bbox 2303 1091 2518 1154; x_wconf 90' lang='lat' dir='ltr'>Mundi</span> <span class='ocrx_word' id='word_1_399' title='bbox 2540 1089 2809 1170; x_wconf 85' lang='lat' dir='ltr'>opificem</span> <span class='ocrx_word' id='word_1_400' title='bbox 2831 1135 2848 1163; x_wconf 88' lang='lat'><strong>,</strong></span> <span class='ocrx_word' id='word_1_401' title='bbox 2890 1088 3354 1154; x_wconf 84' lang='lat' dir='ltr'>conservatorem</span> <span class='ocrx_word' id='word_1_402' title='bbox 3384 1131 3402 1162; x_wconf 92' lang='lat'>,</span> <span class='ocrx_word' id='word_1_403' title='bbox 3434 1108 3519 1152; x_wconf 86' lang='lat' dir='ltr'>at·</span> 
     </span>
     <span class='ocr_line' id='line_1_63' title="bbox 1933 1169 3519 1255; baseline -0.003 -19"><span class='ocrx_word' id='word_1_404' title='bbox 1933 1193 2047 1255; x_wconf 88' lang='lat' dir='ltr'>que</span> <span class='ocrx_word' id='word_1_405' title='bbox 2088 1172 2365 1235; x_wconf 67' lang='lat' dir='ltr'>reflorem</span> <span class='ocrx_word' id='word_1_406' title='bbox 2398 1215 2414 1233; x_wconf 88' lang='lat'><strong>.</strong></span> <span class='ocrx_word' id='word_1_407' title='bbox 2468 1174 2630 1236; x_wconf 91' lang='lat' dir='ltr'>Inter</span> <span class='ocrx_word' id='word_1_408' title='bbox 2673 1172 2899 1251; x_wconf 84' lang='lat' dir='ltr'>plures,</span> <span class='ocrx_word' id='word_1_409' title='bbox 2948 1171 3049 1251; x_wconf 90' lang='lat' dir='ltr'>qui</span> <span class='ocrx_word' id='word_1_410' title='bbox 3095 1172 3162 1233; x_wconf 89' lang='lat' dir='ltr'>de</span> <span class='ocrx_word' id='word_1_411' title='bbox 3202 1169 3314 1231; x_wconf 88' lang='lat' dir='ltr'>hoc</span> <span class='ocrx_word' id='word_1_412' title='bbox 3358 1190 3519 1250; x_wconf 86' lang='lat' dir='ltr'>argu·</span> 
     </span>
     <span class='ocr_line' id='line_1_64' title="bbox 1940 1250 3523 1335; baseline -0.003 -20"><span class='ocrx_word' id='word_1_413' title='bbox 1940 1269 2143 1316; x_wconf 86' lang='lat' dir='ltr'>mento</span> <span class='ocrx_word' id='word_1_414' title='bbox 2191 1251 2566 1334; x_wconf 88' lang='lat' dir='ltr'>scripserunt,</span> <span class='ocrx_word' id='word_1_415' title='bbox 2615 1252 2796 1317; x_wconf 89' lang='lat' dir='ltr'>videri</span> <span class='ocrx_word' id='word_1_416' title='bbox 2844 1267 3118 1335; x_wconf 86' lang='lat' dir='ltr'>poterunt</span> <span class='ocrx_word' id='word_1_417' title='bbox 3138 1271 3313 1333; x_wconf 86' lang='lat' dir='ltr'>opera</span> <span class='ocrx_word' id='word_1_418' title='bbox 3335 1250 3523 1314; x_wconf 85' lang='lat' dir='ltr'>Patris</span> 
     </span>
     <span class='ocr_line' id='line_1_65' title="bbox 1934 1330 3519 1409; baseline -0.004 -10"><span class='ocrx_word' id='word_1_419' title='bbox 1934 1333 2253 1409; x_wconf 87' lang='lat' dir='ltr'>Moneliae‚</span> <span class='ocrx_word' id='word_1_420' title='bbox 2301 1356 2364 1396; x_wconf 86' lang='lat' dir='ltr'>ac</span> <span class='ocrx_word' id='word_1_421' title='bbox 2394 1332 2582 1397; x_wconf 87' lang='lat' dir='ltr'>Patris</span> <span class='ocrx_word' id='word_1_422' title='bbox 2602 1333 3163 1407; x_wconf 78' lang='lat' dir='ltr'>vicentiipatuzzi,</span> <span class='ocrx_word' id='word_1_423' title='bbox 3209 1330 3519 1396; x_wconf 83' lang='lat' dir='ltr'>celebrium</span> 
     </span>
     <span class='ocr_line' id='line_1_66' title="bbox 1934 1414 3518 1497; baseline 0 -19"><span class='ocrx_word' id='word_1_424' title='bbox 1934 1437 1965 1478; x_wconf 90' lang='lat' dir='ltr'>e</span> <span class='ocrx_word' id='word_1_425' title='bbox 2013 1415 2404 1477; x_wconf 87' lang='lat' dir='ltr'>Dominicana</span> <span class='ocrx_word' id='word_1_426' title='bbox 2447 1415 2675 1479; x_wconf 83' lang='lat' dir='ltr'>familia</span> <span class='ocrx_word' id='word_1_427' title='bbox 2715 1414 3159 1497; x_wconf 87' lang='lat' dir='ltr'>Theologorum</span> <span class='ocrx_word' id='word_1_428' title='bbox 3187 1459 3202 1485; x_wconf 89' lang='lat'>,</span> <span class='ocrx_word' id='word_1_429' title='bbox 3266 1432 3518 1493; x_wconf 83' lang='lat' dir='ltr'>quorum</span> 
     </span>
     <span class='ocr_line' id='line_1_67' title="bbox 1938 1491 3519 1578; baseline 0.001 -22"><span class='ocrx_word' id='word_1_430' title='bbox 1938 1495 2161 1578; x_wconf 83' lang='lat' dir='ltr'>primus</span> <span class='ocrx_word' id='word_1_431' title='bbox 2202 1494 2464 1562; x_wconf 84' lang='lat' dir='ltr'>adversus</span> <span class='ocrx_word' id='word_1_432' title='bbox 2507 1496 2807 1560; x_wconf 84' lang='lat' dir='ltr'>Fatalistas</span> <span class='ocrx_word' id='word_1_433' title='bbox 2844 1542 2862 1574; x_wconf 92' lang='lat'>,</span> <span class='ocrx_word' id='word_1_434' title='bbox 2934 1498 2996 1561; x_wconf 73' lang='grc' dir='ltr'>δι</span> <span class='ocrx_word' id='word_1_435' title='bbox 3042 1491 3455 1559; x_wconf 80' lang='lat' dir='ltr'>Materialistas</span> <span class='ocrx_word' id='word_1_436' title='bbox 3500 1540 3519 1570; x_wconf 82' lang='lat'>‚</span> 
     </span>
     <span class='ocr_line' id='line_1_68' title="bbox 1938 1573 3520 1659; baseline -0.001 -21"><span class='ocrx_word' id='word_1_437' title='bbox 1938 1577 2084 1639; x_wconf 90' lang='lat' dir='ltr'>alter</span> <span class='ocrx_word' id='word_1_438' title='bbox 2125 1599 2265 1641; x_wconf 88' lang='lat' dir='ltr'>vero</span> <span class='ocrx_word' id='word_1_439' title='bbox 2306 1578 2376 1640; x_wconf 89' lang='lat' dir='ltr'>de</span> <span class='ocrx_word' id='word_1_440' title='bbox 2420 1580 2557 1641; x_wconf 80' lang='lat' dir='ltr'>vitae</span> <span class='ocrx_word' id='word_1_441' title='bbox 2601 1577 2802 1642; x_wconf 84' lang='lat' dir='ltr'>futurae</span> <span class='ocrx_word' id='word_1_442' title='bbox 2846 1579 2993 1641; x_wconf 85' lang='lat' dir='ltr'>statu</span> <span class='ocrx_word' id='word_1_443' title='bbox 3016 1577 3345 1659; x_wconf 80' lang='lat' dir='ltr'>nuperrime</span> <span class='ocrx_word' id='word_1_444' title='bbox 3389 1573 3520 1637; x_wconf 87' lang='lat' dir='ltr'>scri·</span> 
     </span>
     <span class='ocr_line' id='line_1_69' title="bbox 1928 1656 3517 1742; baseline -0.001 -22"><span class='ocrx_word' id='word_1_445' title='bbox 1928 1659 2039 1742; x_wconf 86' lang='lat' dir='ltr'>psit</span> <span class='ocrx_word' id='word_1_446' title='bbox 2075 1679 2097 1719; x_wconf 69' lang='grc' dir='ltr'><strong><em>τ</em></strong></span> <span class='ocrx_word' id='word_1_447' title='bbox 2158 1658 2341 1722; x_wconf 84' lang='lat' dir='ltr'>videri</span> <span class='ocrx_word' id='word_1_448' title='bbox 2385 1677 2616 1739; x_wconf 88' lang='lat' dir='ltr'>quoque</span> <span class='ocrx_word' id='word_1_449' title='bbox 2659 1659 2875 1741; x_wconf 90' lang='lat' dir='ltr'>poterit</span> <span class='ocrx_word' id='word_1_450' title='bbox 2921 1658 3147 1722; x_wconf 69' lang='lat' dir='ltr'>Auflor</span> <span class='ocrx_word' id='word_1_451' title='bbox 3188 1656 3517 1739; x_wconf 84' lang='lat' dir='ltr'>Principio-</span> 
     </span>
     <span class='ocr_line' id='line_1_70' title="bbox 1928 1737 3520 1820; baseline -0.001 -19"><span class='ocrx_word' id='word_1_452' title='bbox 1928 1759 2056 1802; x_wconf 86' lang='lat' dir='ltr'>rum</span> <span class='ocrx_word' id='word_1_453' title='bbox 2103 1738 2426 1820; x_wconf 79' lang='lat' dir='ltr'>Religionis</span> <span class='ocrx_word' id='word_1_454' title='bbox 2470 1741 2749 1804; x_wconf 86' lang='lat' dir='ltr'>naturalis</span> <span class='ocrx_word' id='word_1_455' title='bbox 2790 1742 2852 1803; x_wconf 79' lang='grc' dir='ltr'>δι</span> <span class='ocrx_word' id='word_1_456' title='bbox 2897 1739 3200 1811; x_wconf 82' lang='lat' dir='ltr'>revelatae,</span> <span class='ocrx_word' id='word_1_457' title='bbox 3263 1738 3363 1817; x_wconf 90' lang='lat' dir='ltr'>qui</span> <span class='ocrx_word' id='word_1_458' title='bbox 3410 1737 3520 1801; x_wconf 83' lang='lat' dir='ltr'>cit·</span> 
     </span>
     <span class='ocr_line' id='line_1_71' title="bbox 1925 1819 3520 1902; baseline -0.001 -19"><span class='ocrx_word' id='word_1_459' title='bbox 1925 1841 1994 1883; x_wconf 87' lang='lat' dir='ltr'>ca</span> <span class='ocrx_word' id='word_1_460' title='bbox 2036 1819 2226 1902; x_wconf 89' lang='lat' dir='ltr'>operis</span> <span class='ocrx_word' id='word_1_461' title='bbox 2270 1820 2512 1883; x_wconf 89' lang='lat' dir='ltr'>initium</span> <span class='ocrx_word' id='word_1_462' title='bbox 2559 1821 2886 1896; x_wconf 84' lang='lat' dir='ltr'>hujusmodi</span> <span class='ocrx_word' id='word_1_463' title='bbox 2951 1837 3359 1901; x_wconf 80' lang='lat' dir='ltr'>argumentum</span> <span class='ocrx_word' id='word_1_464' title='bbox 3424 1840 3520 1881; x_wconf 87' lang='lat' dir='ltr'>ac-</span> 
     </span>
     <span class='ocr_line' id='line_1_72' title="bbox 1925 1899 3518 1974; baseline -0.002 -9"><span class='ocrx_word' id='word_1_465' title='bbox 1925 1919 2121 1965; x_wconf 88' lang='lat' dir='ltr'>curate</span> <span class='ocrx_word' id='word_1_466' title='bbox 2161 1903 2374 1965; x_wconf 72' lang='lat' dir='ltr'>tractat</span> <span class='ocrx_word' id='word_1_467' title='bbox 2414 1947 2431 1973; x_wconf 80' lang='grc'><em>,</em></span> <span class='ocrx_word' id='word_1_468' title='bbox 2500 1899 2561 1965; x_wconf 77' lang='grc' dir='ltr'>8ῑ</span> <span class='ocrx_word' id='word_1_469' title='bbox 2600 1903 2851 1974; x_wconf 80' lang='lat' dir='ltr'>Joannes</span> <span class='ocrx_word' id='word_1_470' title='bbox 2895 1903 3170 1969; x_wconf 63' lang='lat' dir='ltr'>,Albertus</span> <span class='ocrx_word' id='word_1_471' title='bbox 3216 1899 3518 1962; x_wconf 84' lang='lat' dir='ltr'>Fabricius</span> 
     </span>
     <span class='ocr_line' id='line_1_73' title="bbox 1930 1981 3518 2065; baseline -0.003 -19"><span class='ocrx_word' id='word_1_472' title='bbox 1930 1987 1989 2046; x_wconf 78' lang='lat' dir='ltr'>in</span> <span class='ocrx_word' id='word_1_473' title='bbox 2033 1982 2247 2046; x_wconf 63' lang='lat' dir='ltr'>delefiu</span> <span class='ocrx_word' id='word_1_474' title='bbox 2283 2005 2759 2063; x_wconf 76' lang='lat' dir='ltr'>argumentorum,</span> <span class='ocrx_word' id='word_1_475' title='bbox 2808 1987 2885 2046; x_wconf 62' lang='grc' dir='ltr'>Θ</span> <span class='ocrx_word' id='word_1_476' title='bbox 2906 1981 3130 2065; x_wconf 75' lang='lat' dir='ltr'>Syllaba</span> <span class='ocrx_word' id='word_1_477' title='bbox 3145 1984 3518 2062; x_wconf 79' lang='lat' dir='ltr'>Scriptorum,</span> 
     </span>
     <span class='ocr_line' id='line_1_74' title="bbox 1931 2061 3525 2146; baseline -0.001 -19"><span class='ocrx_word' id='word_1_478' title='bbox 1931 2066 2035 2146; x_wconf 85' lang='lat' dir='ltr'>qui</span> <span class='ocrx_word' id='word_1_479' title='bbox 2095 2066 2407 2129; x_wconf 83' lang='lat' dir='ltr'>veritatem</span> <span class='ocrx_word' id='word_1_480' title='bbox 2476 2064 2799 2145; x_wconf 85' lang='lat' dir='ltr'>Religionis</span> <span class='ocrx_word' id='word_1_481' title='bbox 2859 2064 3198 2127; x_wconf 73' lang='lat' dir='ltr'>Christiana:</span> <span class='ocrx_word' id='word_1_482' title='bbox 3257 2061 3525 2127; x_wconf 84' lang='lat' dir='ltr'>adversus</span> 
     </span>
     <span class='ocr_line' id='line_1_75' title="bbox 1930 2142 3541 2229; baseline -0.002 -21"><span class='ocrx_word' id='word_1_483' title='bbox 1930 2145 2217 2221; x_wconf 69' lang='lat' dir='ltr'>AthaeoS,</span> <span class='ocrx_word' id='word_1_484' title='bbox 2285 2147 2604 2229; x_wconf 82' lang='lat' dir='ltr'>Epicureos</span> <span class='ocrx_word' id='word_1_485' title='bbox 2646 2148 2756 2208; x_wconf 75' lang='grc' dir='ltr'>διε.</span> <span class='ocrx_word' id='word_1_486' title='bbox 2805 2144 3151 2210; x_wconf 80' lang='lat' dir='ltr'>asseruerunt</span> <span class='ocrx_word' id='word_1_487' title='bbox 3197 2167 3213 2206; x_wconf 74' lang='grc' dir='ltr'><strong><em>ε</em></strong></span> <span class='ocrx_word' id='word_1_488' title='bbox 3278 2144 3334 2206; x_wconf 79' lang='lat' dir='ltr'>Is</span> <span class='ocrx_word' id='word_1_489' title='bbox 3395 2142 3541 2205; x_wconf 80' lang='lat' dir='ltr'>sane·</span> 
     </span>
     <span class='ocr_line' id='line_1_76' title="bbox 1928 2222 3518 2323; baseline -0.003 -33"><span class='ocrx_word' id='word_1_490' title='bbox 1928 2246 2045 2323; x_wconf 72' lang='lat' dir='ltr'>cap.</span> <span class='ocrx_word' id='word_1_491' title='bbox 2093 2230 2154 2291; x_wconf 89' lang='lat'>8.</span> <span class='ocrx_word' id='word_1_492' title='bbox 2200 2240 2604 2311; x_wconf 80' lang='lat' dir='ltr'>argumentum</span> <span class='ocrx_word' id='word_1_493' title='bbox 2650 2249 2685 2290; x_wconf 86' lang='lat' dir='ltr'>a</span> <span class='ocrx_word' id='word_1_494' title='bbox 2727 2222 2997 2290; x_wconf 87' lang='lat' dir='ltr'>consensu</span> <span class='ocrx_word' id='word_1_495' title='bbox 3039 2227 3260 2308; x_wconf 81' lang='lat' dir='ltr'>generis</span> <span class='ocrx_word' id='word_1_496' title='bbox 3316 2224 3518 2287; x_wconf 88' lang='lat' dir='ltr'>huma-</span> 
     </span>
     <span class='ocr_line' id='line_1_77' title="bbox 1943 2301 3524 2392; baseline -0.001 -23"><span class='ocrx_word' id='word_1_497' title='bbox 1943 2332 2003 2369; x_wconf 77' lang='lat' dir='ltr'>nt</span> <span class='ocrx_word' id='word_1_498' title='bbox 2050 2310 2269 2371; x_wconf 84' lang='lat' dir='ltr'>erudite</span> <span class='ocrx_word' id='word_1_499' title='bbox 2317 2308 2674 2392; x_wconf 84' lang='lat' dir='ltr'>persequitur</span> <span class='ocrx_word' id='word_1_500' title='bbox 2709 2352 2725 2384; x_wconf 89' lang='lat'>,</span> <span class='ocrx_word' id='word_1_501' title='bbox 2792 2309 2853 2369; x_wconf 73' lang='grc' dir='ltr'>ὃ(</span> <span class='ocrx_word' id='word_1_502' title='bbox 2896 2308 3081 2371; x_wconf 83' lang='lat' dir='ltr'>nullas</span> <span class='ocrx_word' id='word_1_503' title='bbox 3123 2326 3375 2387; x_wconf 87' lang='lat' dir='ltr'>unquam</span> <span class='ocrx_word' id='word_1_504' title='bbox 3418 2301 3524 2368; x_wconf 81' lang='lat' dir='ltr'>esse</span> 
     </span>
     <span class='ocr_line' id='line_1_78' title="bbox 1937 2387 3521 2469; baseline -0.003 -15"><span class='ocrx_word' id='word_1_505' title='bbox 1937 2387 2030 2454; x_wconf 86' lang='lat' dir='ltr'>vel</span> <span class='ocrx_word' id='word_1_506' title='bbox 2080 2390 2241 2453; x_wconf 80' lang='lat' dir='ltr'>fuisse</span> <span class='ocrx_word' id='word_1_507' title='bbox 2267 2391 2487 2455; x_wconf 90' lang='lat' dir='ltr'>Gentes</span> <span class='ocrx_word' id='word_1_508' title='bbox 2509 2390 2731 2453; x_wconf 89' lang='lat' dir='ltr'>Atheas</span> <span class='ocrx_word' id='word_1_509' title='bbox 2772 2389 3055 2465; x_wconf 86' lang='lat' dir='ltr'>ostendit,</span> <span class='ocrx_word' id='word_1_510' title='bbox 3094 2408 3159 2451; x_wconf 89' lang='lat' dir='ltr'>ac</span> <span class='ocrx_word' id='word_1_511' title='bbox 3205 2414 3259 2449; x_wconf 89' lang='lat' dir='ltr'>n.</span> <span class='ocrx_word' id='word_1_512' title='bbox 3312 2409 3366 2466; x_wconf 89' lang='lat'>5.</span> <span class='ocrx_word' id='word_1_513' title='bbox 3394 2387 3521 2469; x_wconf 89' lang='lat' dir='ltr'>plu·</span> 
     </span>
     <span class='ocr_line' id='line_1_79' title="bbox 1935 2468 3523 2554; baseline -0.002 -20"><span class='ocrx_word' id='word_1_514' title='bbox 1935 2492 2022 2535; x_wconf 88' lang='lat' dir='ltr'>res</span> <span class='ocrx_word' id='word_1_515' title='bbox 2067 2471 2349 2536; x_wconf 72' lang='lat' dir='ltr'>Auc&#39;iores</span> <span class='ocrx_word' id='word_1_516' title='bbox 2393 2469 2640 2537; x_wconf 87' lang='lat' dir='ltr'>recenset</span> <span class='ocrx_word' id='word_1_517' title='bbox 2680 2517 2698 2546; x_wconf 90' lang='lat'>‚</span> <span class='ocrx_word' id='word_1_518' title='bbox 2759 2470 2864 2552; x_wconf 92' lang='lat' dir='ltr'>qui</span> <span class='ocrx_word' id='word_1_519' title='bbox 2907 2493 2973 2534; x_wconf 82' lang='lat' dir='ltr'>ex</span> <span class='ocrx_word' id='word_1_520' title='bbox 3016 2468 3259 2554; x_wconf 74' lang='lat' dir='ltr'>professo</span> <span class='ocrx_word' id='word_1_521' title='bbox 3300 2470 3368 2533; x_wconf 90' lang='lat' dir='ltr'>de</span> <span class='ocrx_word' id='word_1_522' title='bbox 3413 2470 3523 2531; x_wconf 83' lang='lat' dir='ltr'>hoc</span> 
     </span>
     <span class='ocr_line' id='line_1_80' title="bbox 1934 2554 2683 2635; baseline -0.005 -18"><span class='ocrx_word' id='word_1_523' title='bbox 1934 2570 2281 2635; x_wconf 81' lang='lat' dir='ltr'>argumento</span> <span class='ocrx_word' id='word_1_524' title='bbox 2324 2554 2642 2617; x_wconf 64' lang='lat' dir='ltr'>tra-starum</span> <span class='ocrx_word' id='word_1_525' title='bbox 2667 2597 2683 2613; x_wconf 92' lang='lat'><strong>.</strong></span> 
     </span>
    </p>

    <p class='ocr_par' dir='ltr' id='par_1_5' title="bbox 1936 2634 3530 3690">
     <span class='ocr_line' id='line_1_81' title="bbox 2022 2634 3518 2715; baseline -0.001 -20"><span class='ocrx_word' id='word_1_526' title='bbox 2022 2636 2393 2712; x_wconf 82' lang='lat' dir='ltr'>Argumenta</span> <span class='ocrx_word' id='word_1_527' title='bbox 2436 2634 2657 2715; x_wconf 85' lang='lat' dir='ltr'>reliqua</span> <span class='ocrx_word' id='word_1_528' title='bbox 2699 2656 2769 2697; x_wconf 83' lang='lat' dir='ltr'>ex</span> <span class='ocrx_word' id='word_1_529' title='bbox 2814 2648 2999 2695; x_wconf 88' lang='lat' dir='ltr'>rerum</span> <span class='ocrx_word' id='word_1_530' title='bbox 3026 2649 3269 2707; x_wconf 87' lang='lat' dir='ltr'>natura,</span> <span class='ocrx_word' id='word_1_531' title='bbox 3315 2638 3518 2708; x_wconf 81' lang='lat' dir='ltr'>motu,</span> 
     </span>
     <span class='ocr_line' id='line_1_82' title="bbox 1936 2710 3522 2811; baseline -0.003 -32"><span class='ocrx_word' id='word_1_532' title='bbox 1936 2716 1998 2779; x_wconf 84' lang='lat'>&amp;</span> <span class='ocrx_word' id='word_1_533' title='bbox 2043 2714 2253 2778; x_wconf 85' lang='lat' dir='ltr'>finibus</span> <span class='ocrx_word' id='word_1_534' title='bbox 2290 2715 2512 2798; x_wconf 85' lang='lat' dir='ltr'>petita,</span> <span class='ocrx_word' id='word_1_535' title='bbox 2561 2716 2635 2777; x_wconf 88' lang='lat' dir='ltr'>ab</span> <span class='ocrx_word' id='word_1_536' title='bbox 2676 2710 3095 2791; x_wconf 57' lang='lat' dir='ltr'>omnibusssfere</span> <span class='ocrx_word' id='word_1_537' title='bbox 3117 2712 3522 2811; x_wconf 68' lang='lat' dir='ltr'>Philosophis,</span> 
     </span>
     <span class='ocr_line' id='line_1_83' title="bbox 1938 2794 3527 2879; baseline -0.003 -20"><span class='ocrx_word' id='word_1_538' title='bbox 1938 2801 1999 2859; x_wconf 75' lang='grc' dir='ltr'>δι</span> <span class='ocrx_word' id='word_1_539' title='bbox 2042 2795 2371 2879; x_wconf 88' lang='lat' dir='ltr'>Theologis</span> <span class='ocrx_word' id='word_1_540' title='bbox 2414 2796 2616 2860; x_wconf 80' lang='lat' dir='ltr'>nostris</span> <span class='ocrx_word' id='word_1_541' title='bbox 2634 2796 2994 2858; x_wconf 83' lang='lat' dir='ltr'>recensentur</span> <span class='ocrx_word' id='word_1_542' title='bbox 3025 2795 3228 2866; x_wconf 87' lang='lat' dir='ltr'>;·dum</span> <span class='ocrx_word' id='word_1_543' title='bbox 3263 2796 3366 2857; x_wconf 79' lang='lat' dir='ltr'>Det</span> <span class='ocrx_word' id='word_1_544' title='bbox 3408 2794 3527 2857; x_wconf 82' lang='lat' dir='ltr'>exi-</span> 
     </span>
     <span class='ocr_line' id='line_1_84' title="bbox 1936 2867 3526 2960; baseline -0.003 -19"><span class='ocrx_word' id='word_1_545' title='bbox 1936 2880 2240 2953; x_wconf 82' lang='lat' dir='ltr'>stentiam,</span> <span class='ocrx_word' id='word_1_546' title='bbox 2286 2881 2347 2941; x_wconf 75' lang='grc' dir='ltr'>δι</span> <span class='ocrx_word' id='word_1_547' title='bbox 2391 2877 2820 2960; x_wconf 80' lang='lat' dir='ltr'>providentiam</span> <span class='ocrx_word' id='word_1_548' title='bbox 2867 2867 3129 2949; x_wconf 77' lang='lat' dir='ltr'>adversus</span> <span class='ocrx_word' id='word_1_549' title='bbox 3147 2877 3374 2940; x_wconf 83' lang='lat' dir='ltr'>Atheos</span> <span class='ocrx_word' id='word_1_550' title='bbox 3401 2917 3417 2949; x_wconf 89' lang='lat'>,</span> <span class='ocrx_word' id='word_1_551' title='bbox 3465 2876 3526 2936; x_wconf 77' lang='grc' dir='ltr'>δι</span> 
     </span>
     <span class='ocr_line' id='line_1_85' title="bbox 1939 2954 3524 3042; baseline -0.003 -20"><span class='ocrx_word' id='word_1_552' title='bbox 1939 2960 2299 3042; x_wconf 68' lang='grc' dir='ltr'><strong>Ερίευτεοε,</strong></span> <span class='ocrx_word' id='word_1_553' title='bbox 2347 2960 2780 3023; x_wconf 81' lang='lat' dir='ltr'>demonstrant.</span> <span class='ocrx_word' id='word_1_554' title='bbox 2846 2958 3006 3021; x_wconf 88' lang='lat' dir='ltr'>lnter</span> <span class='ocrx_word' id='word_1_555' title='bbox 3050 2956 3165 3020; x_wconf 84' lang='lat' dir='ltr'>haec</span> <span class='ocrx_word' id='word_1_556' title='bbox 3209 2977 3349 3020; x_wconf 87' lang='lat' dir='ltr'>vero</span> <span class='ocrx_word' id='word_1_557' title='bbox 3396 2954 3524 3039; x_wconf 91' lang='lat' dir='ltr'>plu·</span> 
     </span>
     <span class='ocr_line' id='line_1_86' title="bbox 1940 3037 3523 3105; baseline -0.005 0"><span class='ocrx_word' id='word_1_558' title='bbox 1940 3044 2157 3105; x_wconf 88' lang='lat' dir='ltr'>timum</span> <span class='ocrx_word' id='word_1_559' title='bbox 2204 3040 2274 3101; x_wconf 87' lang='lat' dir='ltr'>ad</span> <span class='ocrx_word' id='word_1_560' title='bbox 2313 3037 2754 3104; x_wconf 85' lang='lat' dir='ltr'>Pantheismum</span> <span class='ocrx_word' id='word_1_561' title='bbox 2797 3038 3162 3102; x_wconf 76' lang='lat' dir='ltr'>refutandum</span> <span class='ocrx_word' id='word_1_562' title='bbox 3211 3037 3367 3101; x_wconf 89' lang='lat' dir='ltr'>valet</span> <span class='ocrx_word' id='word_1_563' title='bbox 3439 3057 3523 3099; x_wconf 87' lang='lat' dir='ltr'>ar-</span> 
     </span>
     <span class='ocr_line' id='line_1_87' title="bbox 1941 3117 3522 3203; baseline -0.003 -18"><span class='ocrx_word' id='word_1_564' title='bbox 1941 3138 2283 3203; x_wconf 87' lang='lat' dir='ltr'>gumentum</span> <span class='ocrx_word' id='word_1_565' title='bbox 2326 3144 2399 3185; x_wconf 82' lang='lat' dir='ltr'>ex</span> <span class='ocrx_word' id='word_1_566' title='bbox 2444 3142 2628 3185; x_wconf 86' lang='lat' dir='ltr'>rerum</span> <span class='ocrx_word' id='word_1_567' title='bbox 2675 3118 3077 3201; x_wconf 85' lang='lat' dir='ltr'>contingentia</span> <span class='ocrx_word' id='word_1_568' title='bbox 3117 3117 3308 3183; x_wconf 88' lang='lat' dir='ltr'>desum</span> <span class='ocrx_word' id='word_1_569' title='bbox 3358 3137 3522 3193; x_wconf 87' lang='lat' dir='ltr'>tum,</span> 
     </span>
     <span class='ocr_line' id='line_1_88' title="bbox 1943 3198 3528 3285; baseline -0.002 -19"><span class='ocrx_word' id='word_1_570' title='bbox 1943 3207 2013 3266; x_wconf 88' lang='lat' dir='ltr'>de</span> <span class='ocrx_word' id='word_1_571' title='bbox 2055 3223 2172 3283; x_wconf 88' lang='lat' dir='ltr'>qua</span> <span class='ocrx_word' id='word_1_572' title='bbox 2211 3198 2327 3266; x_wconf 79' lang='lat' dir='ltr'>fuse</span> <span class='ocrx_word' id='word_1_573' title='bbox 2387 3202 2642 3285; x_wconf 88' lang='lat' dir='ltr'>disputat</span> <span class='ocrx_word' id='word_1_574' title='bbox 2706 3202 2965 3266; x_wconf 88' lang='lat' dir='ltr'>laudatus</span> <span class='ocrx_word' id='word_1_575' title='bbox 3025 3202 3193 3266; x_wconf 87' lang='lat' dir='ltr'>Pater</span> <span class='ocrx_word' id='word_1_576' title='bbox 3336 3199 3528 3263; x_wconf 83' lang='lat' dir='ltr'>onelia</span> 
     </span>
     <span class='ocr_line' id='line_1_89' title="bbox 1941 3281 3524 3366; baseline -0.003 -20"><span class='ocrx_word' id='word_1_577' title='bbox 1941 3286 1998 3346; x_wconf 83' lang='lat' dir='ltr'>iri</span> <span class='ocrx_word' id='word_1_578' title='bbox 2046 3282 2145 3349; x_wconf 88' lang='lat' dir='ltr'>suo</span> <span class='ocrx_word' id='word_1_579' title='bbox 2187 3303 2360 3366; x_wconf 85' lang='lat' dir='ltr'>opere</span> <span class='ocrx_word' id='word_1_580' title='bbox 2400 3301 2606 3348; x_wconf 88' lang='lat' dir='ltr'>contra</span> <span class='ocrx_word' id='word_1_581' title='bbox 2631 3282 3087 3355; x_wconf 77' lang='lat' dir='ltr'>Materialislas‚</span> <span class='ocrx_word' id='word_1_582' title='bbox 3133 3281 3229 3345; x_wconf 89' lang='lat' dir='ltr'>ubi</span> <span class='ocrx_word' id='word_1_583' title='bbox 3276 3281 3524 3362; x_wconf 77' lang='lat' dir='ltr'>luculen-</span> 
     </span>
     <span class='ocr_line' id='line_1_90' title="bbox 1940 3362 3520 3441; baseline -0.003 -12"><span class='ocrx_word' id='word_1_584' title='bbox 1940 3379 2030 3429; x_wconf 87' lang='lat' dir='ltr'>ter</span> <span class='ocrx_word' id='word_1_585' title='bbox 2070 3366 2421 3429; x_wconf 86' lang='lat' dir='ltr'>demonstrat</span> <span class='ocrx_word' id='word_1_586' title='bbox 2459 3412 2477 3441; x_wconf 88' lang='lat'>,</span> <span class='ocrx_word' id='word_1_587' title='bbox 2535 3386 2651 3428; x_wconf 88' lang='lat' dir='ltr'>non</span> <span class='ocrx_word' id='word_1_588' title='bbox 2700 3363 2885 3440; x_wconf 74' lang='lat' dir='ltr'>solum</span> <span class='ocrx_word' id='word_1_589' title='bbox 2929 3382 3120 3428; x_wconf 88' lang='lat' dir='ltr'>rerum</span> <span class='ocrx_word' id='word_1_590' title='bbox 3167 3362 3464 3426; x_wconf 76' lang='lat' dir='ltr'>individua</span> <span class='ocrx_word' id='word_1_591' title='bbox 3501 3405 3520 3435; x_wconf 92' lang='lat'><strong>‚</strong></span> 
     </span>
     <span class='ocr_line' id='line_1_91' title="bbox 1944 3441 3530 3529; baseline -0.003 -19"><span class='ocrx_word' id='word_1_592' title='bbox 1944 3463 2116 3527; x_wconf 88' lang='lat' dir='ltr'>atque</span> <span class='ocrx_word' id='word_1_593' title='bbox 2177 3444 2385 3529; x_wconf 86' lang='lat' dir='ltr'>species</span> <span class='ocrx_word' id='word_1_594' title='bbox 2445 3448 2505 3510; x_wconf 78' lang='grc' dir='ltr'>δι</span> <span class='ocrx_word' id='word_1_595' title='bbox 2562 3445 2962 3528; x_wconf 66' lang='lat' dir='ltr'>aspectabilem</span> <span class='ocrx_word' id='word_1_596' title='bbox 3008 3444 3307 3507; x_wconf 85' lang='lat' dir='ltr'>Mundum</span> <span class='ocrx_word' id='word_1_597' title='bbox 3352 3488 3370 3520; x_wconf 88' lang='lat'>,</span> <span class='ocrx_word' id='word_1_598' title='bbox 3430 3441 3530 3505; x_wconf 83' lang='lat' dir='ltr'>&#39;sed</span> 
     </span>
     <span class='ocr_line' id='line_1_92' title="bbox 1945 3524 3525 3609; baseline -0.003 -18"><span class='ocrx_word' id='word_1_599' title='bbox 1945 3529 2122 3591; x_wconf 88' lang='lat' dir='ltr'>etiam</span> <span class='ocrx_word' id='word_1_600' title='bbox 2186 3528 2491 3592; x_wconf 88' lang='lat' dir='ltr'>materiam</span> <span class='ocrx_word' id='word_1_601' title='bbox 2576 3527 2759 3609; x_wconf 81' lang='lat' dir='ltr'>ipsam</span> <span class='ocrx_word' id='word_1_602' title='bbox 2842 3526 3274 3589; x_wconf 74' lang='lat' dir='ltr'>continentem</span> <span class='ocrx_word' id='word_1_603' title='bbox 3360 3524 3462 3587; x_wconf 81' lang='lat' dir='ltr'>esse</span> <span class='ocrx_word' id='word_1_604' title='bbox 3506 3568 3525 3597; x_wconf 83' lang='lat'>‚</span> 
     </span>
     <span class='ocr_line' id='line_1_93' title="bbox 1949 3606 3525 3690; baseline -0.004 -19"><span class='ocrx_word' id='word_1_605' title='bbox 1949 3609 2191 3690; x_wconf 87' lang='lat' dir='ltr'>ideoque</span> <span class='ocrx_word' id='word_1_606' title='bbox 2234 3609 2338 3673; x_wconf 79' lang='lat' dir='ltr'>effe</span> <span class='ocrx_word' id='word_1_607' title='bbox 2375 3630 2497 3673; x_wconf 88' lang='lat' dir='ltr'>non</span> <span class='ocrx_word' id='word_1_608' title='bbox 2543 3608 2785 3688; x_wconf 79' lang='lat' dir='ltr'>potuisse</span> <span class='ocrx_word' id='word_1_609' title='bbox 2826 3652 2844 3681; x_wconf 89' lang='lat'>‚</span> <span class='ocrx_word' id='word_1_610' title='bbox 2913 3629 2978 3669; x_wconf 87' lang='lat' dir='ltr'>ac</span> <span class='ocrx_word' id='word_1_611' title='bbox 3065 3607 3164 3670; x_wconf 87' lang='lat' dir='ltr'>ola</span> <span class='ocrx_word' id='word_1_612' title='bbox 3206 3607 3383 3672; x_wconf 85' lang='lat' dir='ltr'>libera</span> <span class='ocrx_word' id='word_1_613' title='bbox 3424 3606 3525 3668; x_wconf 88' lang='lat' dir='ltr'>Su-</span> 
     </span>
    </p>

    <p class='ocr_par' dir='ltr' id='par_1_6' title="bbox 1990 3688 3522 3774">
     <span class='ocr_line' id='line_1_94' title="bbox 1990 3688 3522 3774; baseline -0.005 -21"><span class='ocrx_word' id='word_1_614' title='bbox 1990 3691 2135 3755; x_wconf 90' lang='lat' dir='ltr'>remi</span> <span class='ocrx_word' id='word_1_615' title='bbox 2176 3688 2426 3774; x_wconf 82' lang='lat' dir='ltr'>Opificis</span> <span class='ocrx_word' id='word_1_616' title='bbox 2469 3689 2693 3753; x_wconf 73' lang='lat' dir='ltr'>afflone</span> <span class='ocrx_word' id='word_1_617' title='bbox 2732 3705 2984 3753; x_wconf 88' lang='lat' dir='ltr'>creatam</span> <span class='ocrx_word' id='word_1_618' title='bbox 3029 3688 3133 3753; x_wconf 80' lang='lat' dir='ltr'>esse</span> <span class='ocrx_word' id='word_1_619' title='bbox 3177 3707 3350 3768; x_wconf 90' lang='lat' dir='ltr'>atque</span> <span class='ocrx_word' id='word_1_620' title='bbox 3391 3706 3522 3749; x_wconf 85' lang='lat' dir='ltr'>con·</span> 
     </span>
    </p>

    <p class='ocr_par' dir='ltr' id='par_1_7' title="bbox 1948 3766 3539 4260">
     <span class='ocr_line' id='line_1_95' title="bbox 1974 3766 3532 3850; baseline -0.005 -14"><span class='ocrx_word' id='word_1_621' title='bbox 1974 3770 2160 3836; x_wconf 84' lang='lat' dir='ltr'>ervari</span> <span class='ocrx_word' id='word_1_622' title='bbox 2208 3815 2223 3832; x_wconf 92' lang='lat'><strong>.</strong></span> <span class='ocrx_word' id='word_1_623' title='bbox 2273 3772 2354 3835; x_wconf 88' lang='lat' dir='ltr'>Et</span> <span class='ocrx_word' id='word_1_624' title='bbox 2400 3769 2528 3834; x_wconf 88' lang='lat' dir='ltr'>sane</span> <span class='ocrx_word' id='word_1_625' title='bbox 2573 3792 2672 3835; x_wconf 89' lang='lat' dir='ltr'>ens</span> <span class='ocrx_word' id='word_1_626' title='bbox 2709 3769 3052 3849; x_wconf 85' lang='lat' dir='ltr'>contingen-s</span> <span class='ocrx_word' id='word_1_627' title='bbox 3093 3772 3206 3844; x_wconf 77' lang='lat' dir='ltr'>esi,</span> <span class='ocrx_word' id='word_1_628' title='bbox 3249 3769 3407 3850; x_wconf 89' lang='lat' dir='ltr'>quod</span> <span class='ocrx_word' id='word_1_629' title='bbox 3447 3766 3532 3828; x_wconf 89' lang='lat' dir='ltr'>ita</span> 
     </span>
     <span class='ocr_line' id='line_1_96' title="bbox 1951 3849 3532 3934; baseline -0.006 -15"><span class='ocrx_word' id='word_1_630' title='bbox 1951 3853 2144 3919; x_wconf 81' lang='lat' dir='ltr'>existit</span> <span class='ocrx_word' id='word_1_631' title='bbox 2172 3896 2190 3925; x_wconf 87' lang='lat'>‚</span> <span class='ocrx_word' id='word_1_632' title='bbox 2238 3870 2303 3914; x_wconf 93' lang='lat' dir='ltr'>ut</span> <span class='ocrx_word' id='word_1_633' title='bbox 2347 3850 2519 3934; x_wconf 77' lang='lat' dir='ltr'>possit</span> <span class='ocrx_word' id='word_1_634' title='bbox 2562 3873 2679 3915; x_wconf 89' lang='lat' dir='ltr'>non</span> <span class='ocrx_word' id='word_1_635' title='bbox 2721 3852 2956 3915; x_wconf 83' lang='lat' dir='ltr'>existere</span> <span class='ocrx_word' id='word_1_636' title='bbox 3006 3893 3022 3911; x_wconf 86' lang='lat'><strong>.</strong></span> <span class='ocrx_word' id='word_1_637' title='bbox 3086 3849 3348 3914; x_wconf 86' lang='lat' dir='ltr'>Materia</span> <span class='ocrx_word' id='word_1_638' title='bbox 3392 3868 3532 3912; x_wconf 88' lang='lat' dir='ltr'>vero</span> 
     </span>
     <span class='ocr_line' id='line_1_97' title="bbox 1949 3928 3529 3998; baseline -0.004 0"><span class='ocrx_word' id='word_1_639' title='bbox 1949 3936 2036 3998; x_wconf 82' lang='lat' dir='ltr'>ita</span> <span class='ocrx_word' id='word_1_640' title='bbox 2078 3932 2130 3995; x_wconf 89' lang='lat' dir='ltr'>se</span> <span class='ocrx_word' id='word_1_641' title='bbox 2174 3932 2386 3996; x_wconf 89' lang='lat' dir='ltr'>habet.</span> <span class='ocrx_word' id='word_1_642' title='bbox 2430 3932 2668 3996; x_wconf 85' lang='lat' dir='ltr'>Etenim</span> <span class='ocrx_word' id='word_1_643' title='bbox 2715 3933 2774 3996; x_wconf 91' lang='lat' dir='ltr'>in</span> <span class='ocrx_word' id='word_1_644' title='bbox 2819 3931 3060 3996; x_wconf 89' lang='lat' dir='ltr'>notione</span> <span class='ocrx_word' id='word_1_645' title='bbox 3102 3930 3359 3996; x_wconf 78' lang='lat' dir='ltr'>materiae</span> <span class='ocrx_word' id='word_1_646' title='bbox 3405 3928 3529 3992; x_wconf 82' lang='lat' dir='ltr'>idea</span> 
     </span>
     <span class='ocr_line' id='line_1_98' title="bbox 1948 4010 3536 4093; baseline -0.003 -17"><span class='ocrx_word' id='word_1_647' title='bbox 1948 4014 2261 4081; x_wconf 66' lang='lat' dir='ltr'>existentia</span> <span class='ocrx_word' id='word_1_648' title='bbox 2303 4033 2423 4076; x_wconf 86' lang='lat' dir='ltr'>non</span> <span class='ocrx_word' id='word_1_649' title='bbox 2465 4013 2717 4084; x_wconf 83' lang='lat' dir='ltr'>relucet3</span> <span class='ocrx_word' id='word_1_650' title='bbox 2778 4035 2911 4076; x_wconf 83' lang='lat' dir='ltr'>cum</span> <span class='ocrx_word' id='word_1_651' title='bbox 2958 4015 3114 4093; x_wconf 75' lang='lat' dir='ltr'>atque</span> <span class='ocrx_word' id='word_1_652' title='bbox 3157 4013 3299 4077; x_wconf 88' lang='lat' dir='ltr'>bene</span> <span class='ocrx_word' id='word_1_653' title='bbox 3339 4010 3536 4073; x_wconf 90' lang='lat' dir='ltr'>conci-</span> 
     </span>
     <span class='ocr_line' id='line_1_99' title="bbox 1949 4092 3536 4182; baseline -0.005 -21"><span class='ocrx_word' id='word_1_654' title='bbox 1949 4118 2083 4182; x_wconf 87' lang='lat' dir='ltr'>pere</span> <span class='ocrx_word' id='word_1_655' title='bbox 2104 4092 2381 4178; x_wconf 77' lang='lat' dir='ltr'>poffimus</span> <span class='ocrx_word' id='word_1_656' title='bbox 2426 4092 2641 4162; x_wconf 79' lang='lat' dir='ltr'>nullam</span> <span class='ocrx_word' id='word_1_657' title='bbox 2673 4096 2974 4160; x_wconf 85' lang='lat' dir='ltr'>materiam</span> <span class='ocrx_word' id='word_1_658' title='bbox 2999 4093 3290 4171; x_wconf 78' lang='lat' dir='ltr'>existere‚·</span> <span class='ocrx_word' id='word_1_659' title='bbox 3313 4114 3383 4166; x_wconf 82' lang='lat' dir='ltr'>ac</span> <span class='ocrx_word' id='word_1_660' title='bbox 3400 4108 3536 4155; x_wconf 84' lang='lat' dir='ltr'>con-</span> 
     </span>
     <span class='ocr_line' id='line_1_100' title="bbox 1951 4174 3539 4260; baseline -0.003 -19"><span class='ocrx_word' id='word_1_661' title='bbox 1951 4178 2240 4260; x_wconf 87' lang='lat' dir='ltr'>cipiamus</span> <span class='ocrx_word' id='word_1_662' title='bbox 2283 4174 2434 4257; x_wconf 78' lang='lat' dir='ltr'>posse</span> <span class='ocrx_word' id='word_1_663' title='bbox 2475 4195 2594 4240; x_wconf 90' lang='lat' dir='ltr'>non</span> <span class='ocrx_word' id='word_1_664' title='bbox 2637 4177 2872 4241; x_wconf 82' lang='lat' dir='ltr'>existere</span> <span class='ocrx_word' id='word_1_665' title='bbox 2912 4176 3219 4243; x_wconf 77' lang='lat' dir='ltr'>materiam</span> <span class='ocrx_word' id='word_1_666' title='bbox 3281 4174 3356 4238; x_wconf 87' lang='lat' dir='ltr'>de</span> <span class='ocrx_word' id='word_1_667' title='bbox 3419 4194 3539 4253; x_wconf 83' lang='lat' dir='ltr'>qua</span> 
     </span>
    </p>
   </div>
   <div class='ocr_carea' id='block_1_5' title="bbox 293 4254 3540 4339">
    <p class='ocr_par' dir='ltr' id='par_1_8' title="bbox 293 4254 3540 4339">
     <span class='ocr_line' id='line_1_101' title="bbox 293 4254 3540 4339; baseline 0.001 -24"><span class='ocrx_word' id='word_1_668' title='bbox 293 4254 551 4319; x_wconf 70' lang='lat' dir='ltr'>maxime</span> <span class='ocrx_word' id='word_1_669' title='bbox 611 4257 877 4339; x_wconf 73' lang='lat' dir='ltr'>religioni</span> <span class='ocrx_word' id='word_1_670' title='bbox 945 4260 1167 4327; x_wconf 88' lang='lat' dir='ltr'>deditos</span> <span class='ocrx_word' id='word_1_671' title='bbox 1226 4261 1413 4321; x_wconf 83' lang='lat' dir='ltr'>Caesar</span> <span class='ocrx_word' id='word_1_672' title='bbox 1478 4258 1749 4338; x_wconf 80' lang='lat' dir='ltr'>exhibuit</span> <span class='ocrx_word' id='word_1_673' title='bbox 1811 4259 1881 4320; x_wconf 81' lang='lat' dir='ltr'>in</span> <span class='ocrx_word' id='word_1_674' title='bbox 1955 4259 2113 4322; x_wconf 85' lang='lat' dir='ltr'>Urbs</span> <span class='ocrx_word' id='word_1_675' title='bbox 2153 4258 2341 4319; x_wconf 82' lang='lat' dir='ltr'>nostra</span> <span class='ocrx_word' id='word_1_676' title='bbox 2381 4257 2602 4320; x_wconf 85' lang='lat' dir='ltr'>constat</span> <span class='ocrx_word' id='word_1_677' title='bbox 2636 4303 2653 4331; x_wconf 89' lang='lat'>‚</span> <span class='ocrx_word' id='word_1_678' title='bbox 2724 4260 2817 4322; x_wconf 87' lang='lat' dir='ltr'>vel</span> <span class='ocrx_word' id='word_1_679' title='bbox 2864 4280 2937 4322; x_wconf 90' lang='lat' dir='ltr'>ex</span> <span class='ocrx_word' id='word_1_680' title='bbox 2978 4259 3093 4338; x_wconf 76' lang='lat' dir='ltr'>qua</span> <span class='ocrx_word' id='word_1_681' title='bbox 3134 4257 3418 4322; x_wconf 87' lang='lat' dir='ltr'>formatus</span> <span class='ocrx_word' id='word_1_682' title='bbox 3461 4254 3540 4319; x_wconf 85' lang='lat' dir='ltr'>est</span> 
     </span>
    </p>
   </div>
   <div class='ocr_carea' id='block_1_6' title="bbox 293 4336 3543 4423">
    <p class='ocr_par' dir='ltr' id='par_1_9' title="bbox 293 4336 3543 4423">
     <span class='ocr_line' id='line_1_102' title="bbox 293 4336 3543 4423; baseline 0.002 -28"><span class='ocrx_word' id='word_1_683' title='bbox 293 4339 400 4399; x_wconf 70' lang='lat' dir='ltr'>suis</span> <span class='ocrx_word' id='word_1_684' title='bbox 438 4336 507 4399; x_wconf 89' lang='lat' dir='ltr'>de</span> <span class='ocrx_word' id='word_1_685' title='bbox 549 4338 699 4401; x_wconf 83' lang='lat' dir='ltr'>bello</span> <span class='ocrx_word' id='word_1_686' title='bbox 744 4340 952 4420; x_wconf 86' lang='lat' dir='ltr'>gallico</span> <span class='ocrx_word' id='word_1_687' title='bbox 992 4342 1471 4414; x_wconf 81' lang='lat' dir='ltr'>commentariis,</span> <span class='ocrx_word' id='word_1_688' title='bbox 1515 4363 1551 4403; x_wconf 89' lang='lat' dir='ltr'>a</span> <span class='ocrx_word' id='word_1_689' title='bbox 1591 4338 1879 4405; x_wconf 82' lang='lat' dir='ltr'>Cicerone</span> <span class='ocrx_word' id='word_1_690' title='bbox 1957 4339 2094 4415; x_wconf 90' lang='lat' dir='ltr'>Sol,</span> <span class='ocrx_word' id='word_1_691' title='bbox 2161 4338 2326 4401; x_wconf 87' lang='lat' dir='ltr'>Luna</span> <span class='ocrx_word' id='word_1_692' title='bbox 2369 4336 2637 4401; x_wconf 53' lang='lat' dir='ltr'>&amp;esum</span> <span class='ocrx_word' id='word_1_693' title='bbox 2680 4336 2835 4403; x_wconf 83' lang='lat' dir='ltr'>enlm</span> <span class='ocrx_word' id='word_1_694' title='bbox 2910 4340 3179 4422; x_wconf 90' lang='lat' dir='ltr'>prohibet</span> <span class='ocrx_word' id='word_1_695' title='bbox 3220 4337 3543 4423; x_wconf 80' lang='lat' dir='ltr'>quominus</span> 
     </span>
    </p>
   </div>
   <div class='ocr_carea' id='block_1_7' title="bbox 293 4418 3541 4513">
    <p class='ocr_par' dir='ltr' id='par_1_10' title="bbox 293 4418 3541 4513">
     <span class='ocr_line' id='line_1_103' title="bbox 293 4418 3541 4513; baseline 0.002 -38"><span class='ocrx_word' id='word_1_696' title='bbox 293 4419 399 4479; x_wconf 63' lang='lat' dir='ltr'>Or,</span> <span class='ocrx_word' id='word_1_697' title='bbox 442 4436 549 4499; x_wconf 87' lang='lat' dir='ltr'>pro</span> <span class='ocrx_word' id='word_1_698' title='bbox 593 4421 840 4493; x_wconf 75' lang='lat' dir='ltr'>Fonteio</span> <span class='ocrx_word' id='word_1_699' title='bbox 902 4422 1017 4487; x_wconf 84' lang='lat' dir='ltr'>fine</span> <span class='ocrx_word' id='word_1_700' title='bbox 1055 4423 1363 4507; x_wconf 84' lang='lat' dir='ltr'>Religione</span> <span class='ocrx_word' id='word_1_701' title='bbox 1411 4423 1685 4486; x_wconf 89' lang='lat' dir='ltr'>dicuntur</span> <span class='ocrx_word' id='word_1_702' title='bbox 1726 4464 1744 4495; x_wconf 88' lang='lat'>,</span> <span class='ocrx_word' id='word_1_703' title='bbox 1808 4441 1876 4484; x_wconf 88' lang='lat' dir='ltr'>ea</span> <span class='ocrx_word' id='word_1_704' title='bbox 1955 4418 2249 4513; x_wconf 71' lang='lat' dir='ltr'>fingamus</span> <span class='ocrx_word' id='word_1_705' title='bbox 2290 4418 2608 4484; x_wconf 83' lang='lat' dir='ltr'>materiam</span> <span class='ocrx_word' id='word_1_706' title='bbox 2662 4418 2993 4496; x_wconf 75' lang='lat' dir='ltr'>hujusmodi</span> <span class='ocrx_word' id='word_1_707' title='bbox 3059 4439 3175 4483; x_wconf 88' lang='lat' dir='ltr'>non</span> <span class='ocrx_word' id='word_1_708' title='bbox 3238 4419 3477 4484; x_wconf 78' lang='lat' dir='ltr'>existere</span> <span class='ocrx_word' id='word_1_709' title='bbox 3520 4458 3541 4480; x_wconf 87' lang='grc'><strong>.</strong></span> 
     </span>
    </p>
   </div>
   <div class='ocr_carea' id='block_1_8' title="bbox 297 4499 3542 4585">
    <p class='ocr_par' dir='ltr' id='par_1_11' title="bbox 297 4499 3542 4585">
     <span class='ocr_line' id='line_1_104' title="bbox 297 4499 3542 4585; baseline 0.001 -26"><span class='ocrx_word' id='word_1_710' title='bbox 297 4499 517 4583; x_wconf 53' lang='lat' dir='ltr'>latrasse</span> <span class='ocrx_word' id='word_1_711' title='bbox 555 4500 623 4564; x_wconf 90' lang='lat' dir='ltr'>de</span> <span class='ocrx_word' id='word_1_712' title='bbox 662 4502 823 4565; x_wconf 85' lang='lat' dir='ltr'>causa</span> <span class='ocrx_word' id='word_1_713' title='bbox 862 4548 879 4578; x_wconf 93' lang='lat'>‚</span> <span class='ocrx_word' id='word_1_714' title='bbox 906 4504 1081 4585; x_wconf 66' lang='lat' dir='ltr'>‚quod</span> <span class='ocrx_word' id='word_1_715' title='bbox 1122 4504 1293 4567; x_wconf 83' lang='lat' dir='ltr'>fidem</span> <span class='ocrx_word' id='word_1_716' title='bbox 1338 4504 1535 4566; x_wconf 87' lang='lat' dir='ltr'>datam</span> <span class='ocrx_word' id='word_1_717' title='bbox 1579 4499 1747 4565; x_wconf 80' lang='lat' dir='ltr'>facile</span> <span class='ocrx_word' id='word_1_718' title='bbox 1791 4500 1874 4563; x_wconf 84' lang='lat' dir='ltr'>in·</span> <span class='ocrx_word' id='word_1_719' title='bbox 1960 4501 2286 4583; x_wconf 76' lang='lat' dir='ltr'>Concipere</span> <span class='ocrx_word' id='word_1_720' title='bbox 2327 4520 2465 4584; x_wconf 89' lang='lat' dir='ltr'>ergo</span> <span class='ocrx_word' id='word_1_721' title='bbox 2506 4500 2793 4583; x_wconf 72' lang='lat' dir='ltr'>possumus</span> <span class='ocrx_word' id='word_1_722' title='bbox 2836 4500 3054 4564; x_wconf 85' lang='lat' dir='ltr'>nnllam</span> <span class='ocrx_word' id='word_1_723' title='bbox 3120 4501 3354 4564; x_wconf 78' lang='lat' dir='ltr'>existere</span> <span class='ocrx_word' id='word_1_724' title='bbox 3420 4518 3542 4561; x_wconf 87' lang='lat' dir='ltr'>ma·</span> 
     </span>
    </p>
   </div>
   <div class='ocr_carea' id='block_1_9' title="bbox 293 4579 1851 4669">
    <p class='ocr_par' dir='ltr' id='par_1_12' title="bbox 293 4579 1851 4669">
     <span class='ocr_line' id='line_1_105' title="bbox 293 4579 1851 4669; baseline 0.005 -31"><span class='ocrx_word' id='word_1_725' title='bbox 293 4583 309 4635; x_wconf 71' lang='lat' dir='ltr'>l</span> <span class='ocrx_word' id='word_1_726' title='bbox 321 4579 640 4663; x_wconf 68' lang='lat' dir='ltr'>fingerent·</span> <span class='ocrx_word' id='word_1_727' title='bbox 678 4586 882 4669; x_wconf 80' lang='lat' dir='ltr'>-Atque</span> <span class='ocrx_word' id='word_1_728' title='bbox 923 4585 1046 4650; x_wconf 77' lang='lat' dir='ltr'>haec</span> <span class='ocrx_word' id='word_1_729' title='bbox 1093 4584 1233 4651; x_wconf 87' lang='lat' dir='ltr'>satis</span> <span class='ocrx_word' id='word_1_730' title='bbox 1274 4582 1472 4665; x_wconf 80' lang='lat' dir='ltr'>quoad</span> <span class='ocrx_word' id='word_1_731' title='bbox 1509 4582 1809 4647; x_wconf 83' lang='lat' dir='ltr'>historiam</span> <span class='ocrx_word' id='word_1_732' title='bbox 1832 4623 1851 4646; x_wconf 86' lang='lat'><strong>.</strong></span> 
     </span>
    </p>
   </div>
   <div class='ocr_carea' id='block_1_10' title="bbox 3569 206 3645 270">
    <p class='ocr_par' dir='ltr' id='par_1_13' title="bbox 3569 206 3645 270">
     <span class='ocr_line' id='line_1_106' title="bbox 3569 206 3645 270; baseline 0 0"><span class='ocrx_word' id='word_1_733' title='bbox 3569 206 3645 270; x_wconf 77' lang='lat'>15</span> 
     </span>
    </p>
   </div>
   <div class='ocr_carea' id='block_1_11' title="bbox 3569 2612 3647 2670">
    <p class='ocr_par' dir='ltr' id='par_1_14' title="bbox 3569 2612 3647 2670">
     <span class='ocr_line' id='line_1_107' title="bbox 3569 2612 3647 2670; baseline 0.013 -1"><span class='ocrx_word' id='word_1_734' title='bbox 3569 2612 3647 2670; x_wconf 78' lang='lat'>16</span> 
     </span>
    </p>
   </div>
   <div class='ocr_carea' id='block_1_12' title="bbox 1959 4574 3636 4665">
    <p class='ocr_par' dir='ltr' id='par_1_15' title="bbox 1959 4574 3636 4665">
     <span class='ocr_line' id='line_1_108' title="bbox 1959 4574 3636 4665; baseline -0.004 -19"><span class='ocrx_word' id='word_1_735' title='bbox 1959 4581 2213 4648; x_wconf 87' lang='lat' dir='ltr'>teriam:</span> <span class='ocrx_word' id='word_1_736' title='bbox 2261 4574 2418 4665; x_wconf 85' lang='lat' dir='ltr'>Ergo</span> <span class='ocrx_word' id='word_1_737' title='bbox 2462 4581 2708 4648; x_wconf 87' lang='lat' dir='ltr'>materia</span> <span class='ocrx_word' id='word_1_738' title='bbox 2744 4581 3009 4651; x_wconf 72' lang='lat' dir='ltr'>universa</span> <span class='ocrx_word' id='word_1_739' title='bbox 3048 4600 3152 4665; x_wconf 89' lang='lat' dir='ltr'>per</span> <span class='ocrx_word' id='word_1_740' title='bbox 3191 4581 3540 4655; x_wconf 85' lang='lat' dir='ltr'>notionem,</span> <span class='ocrx_word' id='word_1_741' title='bbox 3625 4643 3636 4660; x_wconf 41' lang='lat'>⁸</span> 
     </span>
    </p>
   </div>
   <div class='ocr_carea' id='block_1_13' title="bbox 3280 4681 3460 4745">
    <p class='ocr_par' dir='ltr' id='par_1_16' title="bbox 3280 4681 3460 4745">
     <span class='ocr_line' id='line_1_109' title="bbox 3280 4681 3460 4745; baseline 0 -20"><span class='ocrx_word' id='word_1_742' title='bbox 3280 4681 3460 4745; x_wconf 60' lang='lat' dir='ltr'>qui-m</span> 
     </span>
    </p>
   </div>
   <div class='ocr_carea' id='block_1_14' title="bbox 3905 0 3928 210">
    <p class='ocr_par' dir='ltr' id='par_1_17' title="bbox 3905 0 3928 210">
     <span class='ocr_line' id='line_1_110' title="bbox 3905 0 3928 210; textangle 90"><span class='ocrx_word' id='word_1_743' title='bbox 3905 0 3928 210; x_wconf 45' lang='lat' dir='ltr'>-d</span> 
     </span>
    </p>
   </div>
  </div>
 </body>
</html>
