4009 5267
279 106 395 211 43⁶¹
631 85 1069 179 ssouosrrtonas
1108 93 1447 177 namnam.

231 261 252 298 „
274 212 447 310 explicatam
466 258 493 293 ‚‚
511 228 543 279 ut
565 227 654 295 ponat
673 208 875 347 omnimodam
897 204 1011 345 oqupli·
1052 248 1072 282 „
1094 204 1126 266 bt
1147 203 1398 345 Κᾶνειιιιάὶιιῐιιιῑι
1418 205 1485 302 ᾨΙ).
1508 183 1737 305 cardinalibus,
1768 232 1836 276 con·

231 288 851 461 :1itibbliiiibbttibnse',Pbimiirbizibbeps
876 303 1015 430 prpunrpg
1052 329 1076 441 li
1097 290 1768 459 brasilirnalibbbcalenilelribbttlbibi,ibieiiiitbblir
1789 296 1838 437 bb·

231 505 253 542 „
274 458 303 521 S.
325 458 443 523 Petrum
465 457 494 518 ia
517 455 656 538 potestate
676 449 824 529 suprema,
846 446 877 509 dt
897 448 1013 528 regimi-
1053 489 1074 524 „
1097 461 1212 528 gotium
1233 447 1342 511 llrenue
1374 447 1523 529 aggressi,
1553 450 1636 531 eique
1666 451 1764 517 sedulo
1795 452 1840 513 in·

231 586 253 620 ,‚
276 560 311 603 ne
332 537 510 603 Universalis
529 533 676 606 Ecclesia,
700 526 1013 607 Hareticamcensuit,
1056 569 1075 603 ,‚
1099 527 1297 603 cumbentes,
1333 528 1364 591 bt
1395 548 1508 593 mature
1537 529 1659 597 discullis
1693 533 1840 617 usquead

232 668 254 701 „
276 620 308 686 δι
328 619 502 683 declaravit.
1055 651 1076 685 „
1098 607 1172 671 hanc
1216 608 1293 671 diem
1337 607 1524 692 infrascriptis
1562 631 1614 693 pro
1656 615 1840 690 orionibus,

273 742 295 777 ,‚
319 697 577 782 Epistolamvero,
598 689 732 754 aclibros
745 686 909 771 pradisios,
932 689 1015 754 alios·
1055 732 1078 764 ‚,
1098 687 1179 785 super
1197 708 1367 770 unaquaque
1387 689 1512 772 ipsarum
1538 689 1585 755 sua
1619 693 1740 776 uiltagia
1771 697 1839 760 San·

278 801 352 864 que,
365 771 697 859 inquibuspropofitio,
719 768 794 834 utsu
816 790 868 843 ra,
890 770 1015 853 explica-
1055 812 1076 847 „
1099 769 1194 833 meari
1215 767 1269 833 lua
1287 771 1308 832 li
1329 770 1435 833 illatim
1458 771 1669 854 exposuerunt.

131 901 134 908 ι
233 830 329 942 xta,
352 859 382 921 dt
402 852 692 925 damnataalleritnr,
713 792 931 929 &delinditum
953 872 1015 916 tarn
1101 871 1127 911 1.
1149 853 1253 914 Homo
1274 791 1356 914 nullo
1377 872 1502 934 unquam
1525 853 1592 916 vita
1623 854 1677 918 sua
1709 872 1841 939 tempore

236 989 256 1022 „
278 940 443 1022 impressos,
464 955 551 1018 quarn
576 933 782 1014 imprimendos
803 976 812 1006 ,
833 952 1016 1013 quocumque
1057 945 1170 994 tenetur
1190 930 1291 996 elicere
1311 932 1405 994 aslum
1431 933 1530 1007 Fidei,
1553 933 1618 1016 Spei
1640 980 1650 1011 ,
1672 937 1703 999 a
1724 939 1838 1002 carin.

249 1070 257 1100 ,
278 1023 434 1091 idiomate,
458 1034 508 1080 aut
528 1012 767 1096 quomodolibet,
789 1013 878 1076 eriam
901 1015 929 1074 in
953 1014 1016 1076 scri·
1058 1011 1097 1073 tis
1116 1034 1151 1075 es
1172 1011 1203 1074 vi
1225 1029 1430 1095 praceptorum
1452 1012 1622 1079 divinorum
1642 1016 1678 1080 ad
1700 1039 1746 1082 eas
1780 1020 1838 1083 vir·

231 1072 335 1183 zptis
354 1098 521 1179 evulgatos,
542 1094 588 1159 vel
612 1096 652 1158 int
695 1094 796 1158 ilerum
818 1093 1016 1174 evulgandos,
1058 1108 1135 1155 tutes
1156 1093 1384 1172 pertinentium.
1830 1157 1835 1166 ,

232 1228 253 1261 ,,
277 1180 418 1243 Sanslitas
438 1177 487 1242 sua
506 1174 629 1241 omnino
668 1193 823 1246 anmatos,
845 1174 1013 1256 &prohibi
1098 1194 1125 1233 2.
1147 1173 1204 1234 Vir
1226 1173 1369 1253 Equeslris
1389 1174 1426 1235 ad
1447 1173 1575 1238 duellum
1598 1196 1838 1264 prouocatospo·
1926 1231 1929 1236 .

232 1306 258 1341 „,
275 1279 323 1324 tos
343 1259 396 1324 elie
417 1259 539 1332 voluit,
562 1273 648 1337 prout
670 1253 807 1339 prasenti·
821 1252 945 1319 Decreto
965 1254 1012 1318 da·
1054 1254 1107 1318 tell
1128 1251 1200 1315 illud
1223 1272 1390 1337 acceptare,
1411 1273 1447 1319 ne
1467 1256 1751 1323 timiditatis-notam
1765 1262 1842 1344 apud

232 1389 254 1422 ,‚
276 1361 379 1414 mnas,
401 1339 432 1402 be
451 1338 604 1423 probibet.
1056 1334 1129 1396 alios
1150 1334 1296 1398 incurrat.

273 1466 301 1499 ,,,
317 1420 479 1494 Mandant,
502 1436 535 1482 ut
555 1437 641 1480 nemo
662 1414 864 1554 cujuscumpue
892 1416 1013 1496 gradus,
1097 1414 1300 1508 338enteutia
1320 1415 1436 1479 asserens
1457 1460 1467 1491 ,
1489 1417 1603 1482 bullam
1627 1420 1728 1486 Coena
1748 1420 1842 1486 solum

235 1551 258 1582 „
277 1500 505 1566 &conditionis
535 1497 636 1561 exillat
652 1519 668 1570 ,·
692 1496 781 1558 etiam
824 1495 946 1577 peciali,
969 1497 1014 1561 seu
1055 1495 1206 1576 probrbere
1228 1495 1437 1560 absolutionem
1470 1497 1616 1576 Harefis,
1649 1503 1679 1563 tr
1712 1503 1841 1567 aliorum

232 1630 254 1663 ‚‚
279 1576 475 1665 specialissima
494 1594 565 1639 nota
585 1575 706 1655 dignus,
730 1574 1011 1659 librospradidios,
1054 1574 1231 1648 criminum,
1252 1576 1368 1655 quando
1390 1575 1504 1648 publica
1533 1579 1627 1656 sunt,
1660 1582 1691 1643 δι
1723 1585 1750 1646 id
1782 1605 1842 1647 non

231 1710 253 1742 „
275 1680 324 1724 aut
347 1660 473 1741 aliquem
496 1678 531 1719 ea
555 1655 613 1719 illis
633 1657 707 1737 apud
731 1656 756 1720 se
790 1654 944 1731 retineat,
965 1674 1016 1721 aut
1056 1654 1192 1732 derogare
1214 1656 1361 1720 Facultati
1382 1655 1577 1735 Tridentini,
1610 1661 1639 1722 in
1660 1683 1718 1743 qua
1738 1665 1773 1727 de
1793 1685 1841 1726 oc-

233 1789 254 1819 „
277 1744 369 1821 legat,
392 1758 445 1801 nec
467 1737 650 1819 imprimere,
674 1752 724 1801 aut
755 1736 885 1819 imprimi
918 1758 1016 1802 curare
1057 1735 1143 1798 cultis
1162 1736 1332 1800 criminibus
1354 1736 1446 1801 sermo
1467 1740 1537 1814 ell,
1566 1761 1643 1804 anno
1680 1750 1766 1823 1629.
1792 1747 1840 1807 18.

233 1868 254 1898 „
278 1822 397 1894 audeat,
419 1816 469 1882 sub
490 1816 644 1892 Cenfirris,
666 1818 696 1880 bt
717 1821 810 1898 poenis
831 1835 934 1882 contra
964 1819 1015 1883 bu·
1056 1815 1127 1887 lulli
1149 1817 1178 1877 in
1200 1818 1379 1882 Consullorio
1394 1819 1484 1882 Sacra
1506 1821 1734 1905 congregationi
1757 1825 1841 1887 Emi·

232 1947 253 1980 „
276 1901 405 1995 jusmodi:
418 1900 614 1994 delinquentes
634 1897 747 1992 llatutis
765 1942 778 1972 ,
799 1896 859 1986 ⁴sed
883 1898 976 1994 llatim
998 1920 1017 1963 a
1056 1896 1286 1993 nantillimorum
1298 1899 1583 1978 Cardinaliumvila‚
1606 1903 1838 1969 aurolentam.

233 2027 254 2139 13
277 1980 427 2138 ltili,
443 1979 1017 2142 installandis?salt
1056 1978 1761 2143 ,talida,issistirnlsnlrslr
1769 2007 1840 2128 {1⁰21

234 2188 263 2219 ,,,
277 2144 387 2206 toribus
408 2142 571 2239 configurare
592 2155 745 2234 tenentur.¹
1056 2139 1107 2202 reb
1127 2140 1261 2235 occulta,
1282 2141 1313 2202 a<
1333 2139 1372 2204 ab
1389 2140 1694 2211 Ercommunicatione
1714 2164 1836 2229 propter

177 2256 216 2346 li
233 2224 429 2386 miselrbxbbiii
447 2219 865 2383 fflsslimlb'rbibdslsibblspsbae
871 2225 1016 2383 illinis
1057 2240 1126 2377 ωξ.
1144 2221 1293 2373 ¹(gelisimiris
1322 2300 1471 2368 evidenter
1497 2301 1552 2365 tibi
1581 2304 1688 2367 conllet
1715 2306 1835 2367 Petrum

228 2393 302 2472 lar,
326 2387 365 2450 (a
381 2386 553 2468 perniciosas
570 2384 603 2443 in
618 2385 731 2464 pratri..
1057 2378 1306 2522 elsebHaereticum
1319 2425 1350 2522 s}
1369 2402 1426 2445 non
1457 2383 1564 2448 tenetis
1590 2384 1759 2446 denunciare
1778 2427 1788 2459 ,
1818 2384 1844 2446 sr-

318 2483 321 2488 ’
1081 2480 1111 2524 ιο
1131 2482 1179 2523 are
1199 2482 1256 2524 nnn
1340 2482 1386 2524 rs.

341 2539 915 2625 Fetia‘V.die24.Septembrit1665.
949 2597 952 2605 .
1058 2479 1128 2602 p6.
1151 2481 1357 2616 emansisse,
1378 2542 1429 2623 qui
1450 2543 1480 2604 in
1494 2543 1699 2607 sacramentali
1721 2540 1803 2606 Cons
1815 2541 1838 2603 s·

532 2649 536 2690 ι
785 2626 801 2640 “’
1058 2621 1134 2684 fione
1155 2622 1257 2686 tribuit
1278 2623 1430 2705 poenitenti
1459 2623 1588 2687 chartam
1619 2625 1717 2706 pallea
1748 2623 1840 2704 legen·

227 2735 231 2745 =
273 2750 295 2782 ‚,
317 2705 513 2769 Sanblillimus
532 2705 570 2766 l).
591 2706 635 2768 N.
655 2702 768 2767 audivit
790 2724 847 2766 non
870 2703 925 2769 fine
956 2726 1014 2766 ma·
1057 2701 1143 2772 dam,
1168 2702 1196 2763 in
1216 2722 1274 2782 qua
1294 2707 1329 2765 ad
1351 2706 1491 2766 Venerem
1515 2705 1646 2778 incitat,
1669 2724 1727 2766 non
1748 2702 1838 2768 censo·

234 2831 255 2863 „
317 2807 335 2848 o
357 2787 447 2847 animi
470 2786 508 2846 sui
522 2793 664 2858 meer'ore,
686 2784 854 2864 complures
863 2785 1018 2868 opiniones
1057 2798 1106 2844 tur
1126 2780 1286 2847 sollicitasse
1307 2785 1336 2844 in
1359 2781 1566 2862 Conselirone,
1585 2806 1619 2848 ac
1640 2786 1759 2866 proinde
1779 2806 1839 2847 non

232 2909 254 2943 ,‚
277 2808 444 2929 {bristianae
464 2863 619 2947 disciplina
640 2867 831 2939 relaaatiras,
854 2867 889 2927 dt
905 2867 1014 2928 anima·
1057 2863 1095 2926 cll
1116 2863 1344 2927 denuntiandus.

234 2966 340 3021 „rum
363 2948 518 3029 perniciem
542 2943 695 3009 Inserentes
714 2946 822 3029 partim
854 2945 1018 3026 antiquatas
1099 2965 1128 3021 7.
1150 2945 1259 3008 Modus
1280 2945 1418 3009 evadendi
1437 2945 1647 3026 obligationem
1669 2945 1838 3010 denuncian-

233 3069 256 3101 ‚,
278 3025 384 3089 iterum
408 3026 557 3097 susbitari,
579 3026 684 3108 partim
707 3026 963 3106 noviterprodire,
986 3027 1017 3088 dt
1054 3023 1099 3084 da
1121 3022 1334 3088 sollicitationis
1355 3026 1414 3099 en,
1438 3025 1456 3086 fi
1478 3024 1649 3089 sollicitatus
1667 3024 1839 3089 confiteatur

232 3149 255 3181 „
276 3102 418 3174 sommam
441 3108 522 3173 illam
544 3104 751 3172 luxuriantium
774 3104 957 3186 ingeniorum
980 3107 1014 3168 li·
1055 3121 1121 3166 cunr
1146 3102 1348 3179 sollicitante,
1378 3105 1426 3167 bic
1447 3108 1537 3184 potell
1568 3106 1659 3190 ipsum
1693 3105 1846 3171 absolvere

234 3229 254 3258 „
277 3186 402 3249 centiam
426 3186 462 3248 in'
475 3187 540 3251 dies,
556 3186 647 3268 magis
667 3185 839 3258 excrescere,
862 3205 1014 3268 perquam
1056 3183 1160 3261 absque
1179 3207 1266 3250 onere
1285 3186 1497 3249 denunciandi.

232 3293 256 3338 ι,
280 3266 311 3326 in·
332 3268 414 3330 rebus
432 3270 466 3330 ad
488 3263 693 3330 conscientiam
716 3266 922 3347 pertinentibus
953 3287 1016 3330 mo-
1101 3266 1130 3326 8.
1163 3265 1349 3347 Duplicatnm
1383 3264 1553 3348 stipendium
1584 3268 1674 3350 potesl
1706 3266 1844 3329 Sacerdos

235 3345 497 3427 „dusopinandi
518 3347 637 3442 irrepsit
666 3347 775 3408 alienus
792 3363 796 3369 ⁴
814 3345 938 3409 ornnino
981 3347 1018 3411 ab
1059 3363 1112 3427 pro
1146 3346 1244 3408 eadem
1276 3347 1368 3412 Milia
1388 3345 1467 3411 licite
1488 3349 1643 3429 accipere,
1667 3348 1841 3431 applicando

234 3470 256 3500 ,‚
279 3426 455 3507 Evangeli‘ca
478 3427 680 3508 limpllcrtate,
703 3426 928 3507 Sanctorumque
963 3429 1015 3489 Pa·
1057 3425 1166 3521 petenti
1198 3443 1309 3509 partem
1345 3426 1435 3491 etiarn
1470 3427 1697 3510 specialiffrmam
1732 3426 1846 3491 studius

235 3548 257 3581 „
281 3523 358 3572 trum
381 3507 528 3589 dosirina,
550 3509 580 3569 dt
600 3526 687 3586 quern
710 3506 729 3567 s
750 3527 804 3588 pro
826 3506 898 3569 recia
918 3507 1017 3603 regula
1057 3526 1065 3565 ι
1090 3506 1170 3568 fimet
1191 3507 1357 3570 Celebranti
1377 3505 1660 3592 correspondentem‚
1682 3509 1769 3591 idque
1778 3508 1842 3592 poll

235 3628 256 3663 ‚,
279 3585 391 3651 fideles
412 3587 441 3647 in
463 3589 546 3669 ptari
578 3586 789 3664 sequerentur,
821 3586 920 3668 ingens
949 3609 1023 3666 utre-g
1105 3604 1214 3650 cretum
1237 3588 1348 3649 Urbani
1371 3589 1462 3650 Vlll.

234 3710 255 3742 „
279 3683 365 3749 ptura
384 3670 457 3732 esset·
473 3667 722 3730 vita-Cirisliana
734 3668 916 3747 corruptela.
935 3670 1017 3743 Qua·
1028 3669 1059 3698 x„
1100 3692 1128 3744 9.
1153 3667 1216 3730 l'oll
1238 3668 1391 3731 Decretum
1422 3668 1535 3731 Urbani
1565 3671 1661 3754 poteli
1687 3668 1846 3744 Sacerdos,

236 3789 263 3822 „.
280 3767 328 3821 re,
350 3770 391 3814 ne
405 3747 466 3810 ullo
488 3768 616 3830 unquam
638 3765 697 3811 tem
741 3768 871 3811 reusam
903 3746 1018 3823 saluus,
1061 3748 1106 3808 cui
1128 3748 1222 3811 Milia
1241 3748 1415 3811 celebranda
1433 3750 1602 3825 traduntur,
1624 3772 1674 3835 per
1693 3749 1845 3814 aliumsa·

238 3869 262 3902 „
280 3829 528 3907 quam‘Suprema
549 3830 656 3891 veritas
717 3848 798 3903 eus,
824 3831 903 3901 cujus
932 3830 1020 3893 rerba
1060 3825 1215 3902 asistere,
1250 3828 1358 3893 collato
1380 3829 1424 3890 illi
1447 3830 1562 3895 minori·
1584 3832 1751 3916 llipendio,
1783 3831 1850 3892 alia-

237 3951 258 3984 „
281 3909 310 3970 in
332 3925 471 3974 aternum
494 3925 682 3992 permanent,
703 3908 811 3972 arsiam
835 3909 886 3971 elie
919 3908 1017 3972 defini·
1059 3908 1352 3993 perterripendrfibi
1374 3927 1503 3976 retenta.

173 4034 182 4053 .
237 4031 258 4063 ,‚
282 3988 356 4063 vit,
387 3989 416 4049 in
450 3990 612 4052 animarum
634 3989 791 4071 perniciem
812 3989 948 4062 dilatari,
971 3989 1018 4054 seu
1102 4009 1148 4050 ιο.
1172 3990 1241 4054 Non
1264 3991 1301 4054 ell
1322 4006 1423 4052 contra
1453 3991 1597 4062 Juslitiam
1627 4012 1682 4075 pro
1712 3989 1845 4075 pluribus

237 4069 375 4143 „uerius
396 4070 529 4150 peruerti.
541 4070 743 4150 contingeret,
768 4070 844 4130 idem
875 4069 1015 4130 Sensum-
1057 4066 1209 4132 Sacriliciis
1230 4070 1399 4153 stipendium
1421 4073 1577 4154 accipere,
1601 4073 1632 4136 bt
1661 4071 1842 4140 Sacrificium

235 4193 256 4225 ,‚
281 4170 345 4216 mus
368 4150 405 4210 D,
426 4149 468 4210 N.
490 4167 522 4212 ut
551 4169 622 4213 ores
649 4148 699 4212 fibi
728 4149 851 4214 creditas
879 4149 919 4210 ab
945 4150 1015 4224 ejus·
1054 4170 1146 4232 unum
1169 4147 1293 4216 offerres
1315 4171 1405 4229 neque
1426 4154 1522 4215 etiam,
1550 4154 1588 4217 esi
1617 4171 1719 4217 contra
1748 4151 1843 4216 fideli·

233 4273 256 4306 ‚,
280 4230 359 4291 modi
381 4226 522 4311 lpatiosa,
545 4230 676 4312 lataque,
697 4248 749 4311 per
791 4250 857 4291 uam
893 4229 952 4293 itur
982 4230 1018 4293 ad
1058 4247 1170 4303 tatem,
1192 4232 1302 4294 etiamst
1325 4232 1523 4310 promittam,
1546 4232 1841 4316 promiffianeetiam

232 4352 253 4384 „
277 4310 468 4407 perditionem
491 4352 508 4383 ,
524 4310 573 4375 ria
594 4329 647 4392 pro
668 4251 803 4372 aanorilr
826 4308 1017 4374 sollicitudine
1054 4313 1222 4385 'juramento
1242 4310 1358 4375 firmare
1377 4313 1464 4377 danti»
1477 4315 1673 4396 stipendium,
1694 4315 1773 4397 quod
1783 4332 1840 4397 pro

232 4434 253 4466 „
277 4412 306 4453 ιιι
329 4390 435 4456 tesiam
458 4388 753 4464 semitameuocaret,
774 4391 969 4457 earumdemo
992 4393 1013 4453 b
1055 4391 1136 4454 nullo
1157 4391 1218 4454 alio
1237 4391 1376 4456 offeram.
1729 4421 1732 4430 ·

231 4516 253 4550 „
275 4472 394 4534 trionum
416 4492 537 4535 examen
558 4470 686 4553 pluribus
706 4471 736 4532 in
767 4472 853 4533 Sacra
883 4411 1012 4535 Theolo-
1098 4492 1150 4533 ιι..
1166 4473 1286 4538 Peccata
1309 4475 1337 4536 i'n
1359 4473 1539 4540 Consellione
1560 4476 1689 4552 omissa,
1722 4474 1769 4541 seu
1788 4475 1841 4538 ob

232 4596 255 4630 „
275 4554 324 4640 gia
353 4552 534 4642 Magistris,
563 4551 594 4618 de
623 4550 722 4618 deinde
751 4551 1015 4634 Eminemlffimis,
1058 4551 1113 4619 lita
1132 4553 1171 4617 ob
1192 4553 1476 4645 inllansrpericlrlum
1499 4560 1584 4639 vita,
1606 4557 1720 4626 ratolt
1749 4557 1840 4620 aliam

1734 4660 1799 4703 cau
