4009 5267
340 127 424 233 ne
637 105 1533 213 REGULARE33mnm

279 236 441 317 Episcopus
461 225 616 310 perspesias
634 226 738 291 habeat
760 226 911 308 opiniones
928 224 1061 286 oxnnium
1102 246 1153 289 nes
1173 221 1334 295 intersunt,
1355 219 1488 281 accedere
1510 229 1634 279 renuunt
1655 236 1664 287 3
1709 212 1819 310 oocirca
1839 237 1894 303 pe.

285 320 399 379 suorum
422 308 690 383 Consessariotutn,
721 325 816 381 turn,
847 323 879 368 ut
919 323 1062 385 quantum
1104 306 1142 369 tit
1164 303 1324 376 declarari,
1347 321 1382 362 an
1406 296 1554 391 pradicips
1582 294 1677 361 Conse
1719 318 1778 363 rtur
1797 305 1893 382 Regu.

280 390 414 477 possibile
434 391 489 463 eli,
513 389 668 452 uniformis
688 389 721 451 stt
742 385 982 449 Conseslariorum
1013 386 1063 448 do·
1105 387 1178 448 lares
1205 404 1305 464 cogere
1339 378 1424 463 posl'tt
1455 381 1490 440 ad
1521 378 1738 443 tntereslendxmt
1769 381 1894 460 praelate

285 473 378 535 tinini
398 472 427 531 in
447 472 572 533 materia
592 490 729 541 motum,
751 470 781 529 δι
803 469 942 547 signanter
951 482 1063 530 contra·
1101 463 1336 547 Congregationi
1357 459 1473 524 casuum
1493 456 1674 552 conscientie
1696 458 1708 519 ἓ
1729 462 1759 522 8.
1781 462 1896 542 Congr.

283 554 401 625 sinum,
424 554 452 611 in
474 571 532 631 qua
552 550 620 631 saepe
642 548 739 630 sepius
758 545 904 627 Theologi
933 544 1065 609 duretent
1103 550 1163 611 dxc.
1198 542 1384 626 Respondit,
1417 546 1586 621 Negarem.
1620 539 1679 602 His
1699 543 1801 624 postis
1822 565 1900 607 anus

285 632 503 709 aTlreologis,
526 632 556 692 δι
577 628 793 700 acanonislis,
815 627 918 708 quibus
928 629 991 690 addi
1004 625 1064 709 pos·
1103 627 1161 692 erit
1183 627 1248 688 EF..
1270 627 1341 687 vv.
1363 623 1529 694 decentere,
1557 699 1564 714 .
1745 676 1748 679 .

287 715 355 787 set,
389 711 577 774 collationem
606 709 680 771 banc
714 708 847 772 omniurn
879 708 1067 773 Conseslario-
1093 774 1103 785 .
1151 711 1199 770 An
1223 709 1251 767 in
1271 706 1360 771 casu,
1382 704 1498 783 dequo
1520 718 1633 781 agttor,
1657 704 1896 782 permissumelle

289 815 373 867 tum,
396 810 456 855 tarn
480 788 652 852 secularium
675 835 684 863 ‚
706 810 794 868 quam
816 788 1003 869 Regularium
1028 792 1067 850 su·
1109 789 1204 854 valeat
1225 787 1387 870 Episcopo,
1409 782 1575 846 concedenti
1595 784 1802 849 Sacerdotibus
1838 788 1892 851 Re·

288 893 384 940 tutam
407 874 459 936 esse
480 892 538 935 nort
559 872 695 933 inutilem
717 890 770 951 pro
790 868 955 932 animorum
986 870 1067 932 unio·
1106 869 1253 952 gnlaribns
1274 867 1441 929 facultatem
1463 862 1595 926 audiendi
1617 863 1814 930 Consesirones
1841 867 1892 929 Se.

289 944 1894 1099 ummmffidffiuffidfflffimdmffimmdfflffluu

289 1057 346 1178 sesi.
369 1133 398 1207 p.
422 1118 490 1190 647.
515 1112 584 1175 ideo
605 1052 789 1194 Regntaiinin
812 1113 975 1194 Superiores
992 1113 1070 1174 Con·
1154 1110 1317 1190 Negative,
1339 1109 1370 1169 δι
1391 1108 1472 1169 detur
1494 1104 1648 1168 Decretum
1679 1106 1711 1168 in
1744 1110 1896 1174 Forosem·

289 1195 414 1260 fasianos
434 1191 496 1255 suos
518 1191 614 1273 sapius
635 1211 791 1268 moneant,
812 1191 990 1255 &adhunc
1011 1192 1070 1252 ani·
1110 1193 1243 1275 prunien.
1270 1211 1315 1250 ιι.
1338 1187 1418 1248 Maii
1446 1186 1530 1264 1685.

290 1295 405 1338 motum
427 1273 572 1351 ,unionem
603 1272 633 1333 in
670 1272 814 1336 fidelium
853 1273 1070 1335 aeotncnnmen
1155 1272 1308 1333 Decretum
1328 1270 1390 1330 Sac.
1415 1269 1591 1346 Congregat.
1616 1265 1695 1348 super
1726 1271 1805 1334 slatu
1840 1274 1891 1336 Re·
1913 1283 1966 1341 ¹24

292 1355 500 1427 adhortentur,
522 1371 677 1433 curentque
700 1354 728 1415 in
751 1354 873 1434 primis,
896 1373 928 1415 nt
947 1357 1017 1414 dum
1037 1353 1067 1413 in
1110 1352 1253 1433 golatium
1277 1351 1306 1412 iar
1329 1370 1386 1412 una
1406 1347 1551 1410 Macerat.
1577 1370 1624 1427 ις.
1654 1348 1771 1418 ianuar.
1806 1358 1895 1419 t68a.

291 1439 405 1500 casuum
427 1432 599 1498 resolutione
620 1432 730 1498 diversa
752 1436 914 1508 intereos,
938 1434 1067 1498 &Pam-
1110 1436 1240 1497 editum.

291 1517 362 1580 cbos
383 1512 522 1578 sententia
544 1512 649 1588 suerit,
672 1515 826 1596 prudenter
847 1515 875 1575 in
898 1536 946 1577 eos
967 1512 994 1577 se
1024 1535 1069 1593 ge·
1152 1516 1229 1576 Cum
1252 1512 1422 1574 Conventus
1445 1508 1597 1591 suppressi,
1617 1510 1649 1573 St
1668 1512 1764 1592 polleo
1786 1513 1895 1577 rellitu·

293 1614 387 1672 rant,
417 1596 448 1657 St
468 1594 502 1655 ad
525 1593 677 1656 Laicorutn
708 1595 845 1657 notitiam
876 1594 905 1655 id
936 1617 994 1657 non
1025 1613 1071 1657 ve·
1111 1595 1157 1669 ti,
1179 1595 1209 1656 in
1229 1594 1333 1736 ‹puibus
1354 1614 1412 1656 non
1434 1593 1540 1685 degunt
1569 1591 1604 1652 de
1634 1591 1762 1657 Familia
1788 1595 1895 1659 duode-

288 1677 369 1750 niat,
390 1673 436 1738 sed
457 1677 493 1735 ad
516 1677 581 1736 Nos
602 1694 654 1754 pto
675 1674 813 1740 decidone
836 1693 1001 1737 recurrant.
1105 1676 1170 1739 cim
1192 1675 1236 1737 Re
1250 1673 1351 1754 igiosr,
1376 1673 1429 1734 fint
1450 1691 1551 1753 vigore
1572 1670 1689 1737 Decreti
1710 1678 1749 1736 Ur
1767 1677 1798 1738 in
1828 1696 1896 1758 par-

331 1754 486 1837 Negatixae
505 1776 521 1817 e
541 1772 642 1818 contra
662 1753 759 1819 sanent
779 1777 799 1817 o
821 1755 913 1817 inioni
935 1777 987 1829 ea,
1006 1773 1071 1833 qua
1111 1760 1187 1829 eris,
1217 1753 1267 1816 sel.
1296 1774 1350 1817 rec.
1376 1754 1479 1816 Ionoc.
1497 1753 1537 1813 X.
1559 1750 1673 1826 subjecti
1709 1756 1894 1830 visitationi,

289 1834 462 1919 sequuntur.
485 1834 603 1910 Primo,
624 1838 702 1917 qnod
736 1776 895 1917 Epiicopus
925 1833 1068 1899 Consesla·
1110 1835 1299 1908 correciioni,
1317 1834 1352 1894 dr
1382 1833 1560 1897 omnimode
1588 1833 1776 1908 jurisdidlioni
1806 1837 1892 1899 Ordi-

287 1917 398 1980 tiorum
419 1912 605 1997 Regularium
627 1915 787 1980 dos‘irinam
816 1914 988 2011 perspeslam
1020 1917 1069 1977 ba·
1109 1917 1257 1979 nationum
1277 1916 1441 1989 Locorum,
1464 1914 1591 1996 contigit
1608 1916 1757 1991 dubitari,
1779 1938 1813 1979 an
1837 1919 1892 1979 Re·

288 1997 352 2061 bere
371 1997 463 2079 potesl
484 1995 513 2056 in
535 1998 685 2073 examine,
707 2000 785 2077 quod
816 1998 932 2060 tllorum
963 2017 1067 2079 appro·
1108 1998 1200 2080 ligius
1222 1993 1416 2070 Confessores,
1439 1995 1471 2058 St
1492 2016 1548 2058 non
1569 1994 1720 2072 parochi,
1744 2000 1772 2060 in
1795 1998 1892 2071 buius·

289 2077 436 2140 barionem
459 2076 591 2158 precedit
612 2078 648 2139 ad
669 2078 810 2140 terminos
830 2079 908 2140 Sacri
939 2077 1067 2141 Concilii
1109 2077 1189 2142 nrodi
1209 2075 1413 2142 conventibus
1432 2077 1589 2158 degentes,
1612 2077 1749 2158 compelli
1779 2078 1890 2159 posfinr

287 2155 373 2219 Trid.
394 2159 464 2236 less.
484 2175 530 2235 23.
549 2176 608 2235 cap.
629 2177 673 2229 ις.
695 2157 730 2219 de
749 2160 900 2236 Reformar.
923 2159 1067 2231 Secundo,
1107 2158 1145 2224 ab‘
1166 2159 1264 2223 iisdem
1285 2156 1470 2228 ordinariis,
1501 2176 1534 2219 or
1559 2157 1694 2223 accedant
1725 2158 1764 2220 ad
1782 2157 1882 2221 conse·

288 2237 367 2318 quod
390 2237 418 2298 in
442 2236 571 2300 Decretis
585 2236 865 2316 ptollesormatione
880 2238 1067 2321 Regularium
1107 2242 1231 2306 rentiam
1249 2236 1368 2302 casuum
1391 2234 1582 2301 conscientie?

291 2316 378 2381 editis
397 2338 415 2380 a
434 2316 586 2381 Clemente
606 2316 720 2381 ooavo
749 2320 967 2399 prescribitur,
989 2320 1067 2400 quod
1151 2320 1301 2402 Proposito
1321 2317 1378 2381 boc
1399 2316 1502 2389 dubio,
1523 2315 1552 2377 S.
1573 2314 1716 2395 Congreg.
1737 2314 1816 2395 super
1829 2319 1880 2379 sla-

293 2398 324 2459 in
345 2397 461 2478 lingulis
490 2395 703 2474 Monalleriis,
734 2399 764 2461 dr
795 2399 996 2463 constantibus
1025 2400 1070 2463 bis
1108 2417 1143 2467 tu
1164 2398 1350 2482 Regularium
1369 2397 1474 2459 babita
1493 2394 1523 2456 itt
1545 2392 1657 2457 Palatio
1677 2397 1822 2458 Vaticano
1840 2399 1885 2457 die

290 2477 321 2540 in
341 2477 521 2542 bebdomada
554 2478 691 2544 habeatur
721 2479 805 2543 leslio
835 2483 922 2543 Sacra
943 2480 1068 2562 Scriptu
1115 2504 1160 2553 ις.
1182 2482 1245 2553 lan.
1273 2480 1358 2545 1⁶82.
1392 2472 1579 2541 Eminentiss.
1616 2474 1672 2567 Pl’.
1701 2474 1887 2545 censuerunt,

289 2578 346 2633 ra,
368 2559 413 2622 vel
435 2559 549 2622 casuum
570 2558 766 2633 conscientie,
790 2560 932 2642 adquam
957 2563 1070 2624 fratres
1106 2561 1281 2625 ordinarios
1312 2561 1458 2624 Locomm
1502 2555 1576 2639 polle
1604 2557 1719 2633 quidem
1760 2555 1888 2628 hortari,

286 2658 391 2702 omnes
410 2639 565 2705 convenire
585 2658 734 2704 tenentur.
756 2641 890 2712 Tertio,
921 2643 999 2721 quod
1021 2641 1068 2704 lric
1107 2664 1168 2705 non
1198 2660 1296 2706 autem
1332 2661 1398 2704 corn
1439 2638 1507 2702 llere
1545 2634 1690 2718 predictos
1729 2632 1890 2715 Religiosos

289 2718 320 2779 in
351 2719 455 2793 Urbe,
488 2719 516 2779 in
547 2721 645 2784 decem
675 2720 706 2782 dt
739 2720 846 2801 septem
869 2723 1068 2786 conventibus
1108 2722 1304 2797 consessores,
1325 2742 1385 2786 oon
1429 2717 1552 2784 atochos
1573 2717 1608 2778 ad
1629 2717 1818 2780 accedendum
1853 2717 1890 2777 atl

289 2795 363 2892 liunt
391 2801 637 2878 congregationes
665 2800 780 2865 casuum
810 2801 1009 2878 conscientie,
1033 2802 1067 2863 il·
1104 2802 1319 2868 conferentiam
1340 2800 1455 2866 casuum
1476 2795 1677 2892 conscientie.
1819 2875 1827 2890 .
1860 2876 1868 2890 ·

288 2875 378 2960 lisqpe
408 2879 604 2971 interveniunt
635 2880 756 2945 l‘atochi
790 2885 1014 2957 tantummodo,
1035 2884 1068 2945 dx
1151 2885 1169 2921 ¹*
1190 2884 1344 2964 Regelares
1372 2883 1548 2964 quicumque
1575 2894 1667 2947 ettam
1699 2893 1829 2959 exempti
1860 2896 1890 2937 tn
1917 2883 1972 2942 ¹25

285 2956 456 3022 Conseslarit
474 2983 510 3023 ex
533 2962 620 3026 Clero
641 2961 799 3037 Semelen,
831 2984 889 3026 non
916 2985 988 3028 vero
1010 2965 1064 3028 Re·
1106 2963 1199 3029 lndiis
1220 2962 1567 3043 Orientalibosagentes,
1590 2959 1699 3021 Curam
1712 2958 1889 3020 Animarum

286 3038 413 3180 palates,
437 3040 465 3101 lu
485 3060 609 3121 quorum
631 3042 830 3107 conventibus
850 3046 987 3127 praedislae
1016 3066 1062 3107 ca·
1105 3063 1291 3121 exercentes,
1314 3041 1428 3107 subsunt
1450 3040 1557 3124 pretio
1578 3038 1705 3103 examini
1720 3038 1889 3101 Ordinatio·

296 3139 366 3183 uum
398 3120 532 3187 lecliones
566 3123 732 3187 habentur.
758 3125 875 3200 Quarto
914 3127 1063 3198 tandem,
1104 3149 1170 3191 runt
1187 3173 1195 3203 ,
1215 3129 1246 3190 ἃ
1267 3124 1502 3208 approbationi,
1536 3141 1587 3183 nec
1617 3141 1674 3183 non
1707 3118 1889 3189 visitationi,

284 3202 362 3281 quod
381 3200 418 3263 ab
438 3202 491 3264 hac
511 3204 597 3266 Sacra
619 3206 852 3284 congregatione
868 3205 974 3268 diere.
987 3206 1065 3269 Maii
1105 3207 1276 3272 correctioni
1297 3206 1327 3269 ἀ
1349 3201 1535 3279 iurisdislioni
1555 3221 1655 3265 eorum
1678 3200 1708 3260 in
1740 3199 1807 3274 iis,
1830 3219 1890 3269 nuc

287 3279 384 3360 1685i.
405 3281 448 3343 uti
471 3281 591 3346 babetur
612 3282 678 3347 Lib.
701 3288 872 3347 Derternrunr
885 3288 1071 3367 37.sol.438.
1110 3290 1145 3351 ad
1167 3289 1327 3371 predictam
1349 3287 1458 3348 Curam
1477 3282 1623 3365 pertinent
1644 3326 1652 3343 .
1676 3279 1779 3345 Bened.
1802 3280 1893 3343 triv,

282 3361 401 3443 prodpit
422 3361 481 3424 hac
502 3359 636 3428 resolutio
658 3366 686 3427 in
707 3368 831 3446 quadarn
866 3366 949 3430 cansa
978 3366 1069 3429 Foro
1111 3388 1185 3433 tom.
1208 3391 1237 3432 ι.
1259 3368 1334 3432 Bull.
1356 3364 1513 3430 Constitut-
1539 3384 1564 3426 ι.
1587 3362 1674 3446 incip.
1697 3361 1894 3447 Quamvisad

285 3437 345 3505 sem
359 3441 469 3505 tooien.
492 3447 620 3524 Accesttrr
639 3449 680 3510 ad
697 3450 943 3528 Congregarionem
954 3449 1065 3527 castrum
1105 3448 1346 3525 confirmandum.
1757 3508 1763 3515 .

280 3524 469 3602 conscientie.
1147 3530 1303 3610 Regulxres
1320 3526 1411 3593 etiam
1434 3523 1564 3608 exempti
1587 3541 1732 3609 nequeunt
1760 3544 1895 3606 expone·
1923 3516 1977 3571 ¹²⁶

326 3600 486 3686 Episcopus
515 3606 665 3688 exponit,
696 3608 725 3670 in
755 3608 887 3673 Ciuitate
918 3606 1065 3672 Fnrosem·
1107 3632 1137 3674 re
1158 3613 1374 3674 Sacramentum
1397 3606 1580 3675 Eucharislia
1602 3607 1657 3668 sme
1682 3605 1825 3670 velamine
1862 3606 1894 3667 in

284 3684 874 3832 tritinia..innuerint
905 3688 1065 3833 utu
1107 3691 1166 3787 ..t
1183 3691 1333 3834 ultr
1356 3690 1463 3830 '‘l“
1483 3686 1709 3832 turin.
1730 3687 1775 3831 t
1802 3685 1893 3832 tlt.

283 3841 369 3919 cisci,
390 3842 512 3938 alterum
534 3868 619 3943 veto⁴
632 3791 853 3913 Ratttabitimm
872 3792 977 3933 ‚unique
998 3870 1063 3946 pro·
1104 3793 1193 3917 iiiiii
1209 3791 1331 3935 iiiviri
1350 3791 1575 3916 ²Sacriaiueeutum
1605 3849 1734 3913 uelatum
1766 3868 1889 3932 expone·

283 3940 502 4016 pterextguum
524 3926 737 4009 Religtosorum
759 3951 910 3996 numerum
935 3931 1064 3994 inibide·
1104 3954 1135 3997 re
1165 3935 1195 3995 in
1226 3931 1411 3997 tabemaculo
1438 3948 1539 4015 aperto
1566 3975 1575 4003 ‚
1608 3928 1768 3994 dummodo
1785 3947 1892 3994 tamen

279 4021 432 4084 gentium,
456 4003 577 4074 sobiesia
607 4006 669 4073 sunt
699 4009 886 4086 jurisdislioni
914 4011 1065 4075 ordinarii
1104 4013 1214 4077 abillo
1237 4012 1510 4085 nonextrabatut3
1541 4028 1574 4073 ut
1594 4031 1631 4075 ex
1655 4010 1775 4074 Derceto
1806 4010 1894 4072 Sacr.

282 4105 317 4146 ex
341 4083 462 4177 llecrero
482 4087 549 4153 San.
571 4108 661 4154 mem.
682 4091 892 4154 lnnocentiils.
904 4092 1062 4174 incipiens:
1104 4095 1280 4174 congregat.
1307 4094 1343 4156 eie
1372 4092 1477 4174 synodo
1506 4091 1662 4172 Dioecesaa.
1688 4092 1743 4154 sib.
1768 4110 1798 4170 7.
1821 4106 1895 4173 cap.

280 4168 320 4226 Ur
341 4187 370 4226 tn
387 4169 504 4245 parvis,
526 4167 557 4230 St
578 4170 645 4234 licet
666 4169 733 4233 dicti
757 4172 894 4254 Religiofi
915 4172 1063 4247 hujusmo-
1104 4194 1153 4253 41·
1175 4176 1205 4252 §.
1227 4195 1256 4250 4·
1639 4248 1642 4253 ⁴

278 4242 531 4338 disubieciiousm
553 4248 734 4344 agnoscant,
766 4270 852 4335 arque
883 4255 1061 4337 patiantur,
1144 4253 1313 4319 Generatim
1346 4274 1416 4322 vero
1445 4257 1489 4329 ius
1518 4254 1556 4317 esi
1595 4250 1748 4337 Episcopix
1785 4272 1897 4335 cogere
1924 4261 1979 4324 ¹²7

276 4342 329 4405 qur
360 4343 457 4389 tamen
481 4350 525 4391 ex
554 4350 594 4393 ets
623 4328 804 4396 Saculariurn
835 4332 1060 4409 Confessrones,
1104 4333 1258 4418 Regulares
1280 4357 1376 4419 parere
1396 4335 1446 4398 sibi
1467 4336 1543 4405 circa
1560 4353 1613 4404 ea,
1636 4353 1699 4413 qua
1729 4332 1765 4397 ad
1796 4336 1898 4408 majo·

276 4403 377 4469 eodem
399 4406 556 4501 Ordinatio
578 4412 754 4492 approbante
769 4457 785 4500 ἱ,
817 4413 967 4497 excipiunt
993 4416 1059 4491 ‚ad
1101 4437 1160 4482 rem
1182 4416 1295 4481 cultum
1317 4418 1403 4491 hujus
1425 4414 1579 4479 ineffabilis
1598 4412 1736 4496 Myslerii
1760 4459 1769 4490 ,
1793 4416 1826 4479 δι
1845 4437 1898 4481 ce·

277 4484 542 4580 congregationem
565 4490 680 4555 casuum
702 4492 900 4588 conscientia,
921 4515 984 4573 qua
1006 4496 1057 4558 fin·
1100 4496 1267 4565 lebtationis
1321 4496 1415 4560 Missae
1467 4495 1656 4577 praecipienda
1695 4495 1857 4562 censuerint
1887 4539 1900 4561 .

276 4563 353 4646 gulis
373 4568 522 4636 Manibus
541 4570 682 4651 babetur,
703 4593 806 4657 curque
817 4571 1063 4642 Confessariiom·
1105 4578 1193 4654 Quod
1224 4601 1260 4644 ex
1291 4578 1406 4647 Decret.
1438 4576 1605 4645 Tridentini
1636 4575 1693 4641 sess.
1713 4599 1768 4740 pe.
1787 4576 1900 4719 dedeb-

1597 4720 1601 4731 ,
1653 4720 1658 4731 ,
1709 4682 1849 4731 ‚misse
