4009 5267
303 159 388 246 510
624 115 1242 224 recuruum,
1301 116 1496 201 nunt.

246 291 268 325 „
289 246 356 319 tia,
375 241 465 308 etiam
486 236 594 303 Sandiae
614 237 754 303 Romanor
776 229 904 296 Ecclelie
924 228 1026 292 Cardi·
1066 272 1088 305 „
1109 227 1149 288 ris
1169 225 1321 305 Decreto,
1343 245 1394 290 aut
1417 227 1596 307 minillerio,
1632 228 1695 315 ipio
1714 230 1789 298 lado
1810 235 1858 300 in·

246 367 268 403 „
289 323 402 418 nelatns
420 320 560 403 dignitate
573 317 727 459 preditus,
749 313 837 408 etiam
861 311 1026 387 Protedior,
1067 353 1088 385 „
1110 324 1235 404 currat:
1264 330 1316 374 nec
1346 327 1405 371 non
1434 308 1513 374 ultra
1539 310 1704 385 huiusmodi
1786 337 1856 411 nas,

248 446 272 482 „
292 401 551 474 Vrec-Protedlor,
584 418 631 462 oct
651 398 840 467 Orclrnartus,
864 390 1029 467 Praelatus,
1069 433 1092 467 „
1115 408 1204 454 ettam
1235 407 1385 472 tamqnam
1416 408 1519 454 contre
1548 389 1644 470 luttl,
1677 393 1710 456 dt
1742 416 1859 459 rmonra

251 527 274 565 „
296 481 473 558 Generalis,
505 475 726 549 provincialis,
758 491 808 537 aut
828 472 1030 566 Monalletii,
1069 472 1272 566 „criminum
1296 491 1376 566 reum
1398 513 1418 565 r,
1445 488 1508 535 tam
1530 491 1581 555 per
1600 472 1684 538 viam
1704 474 1859 542 denuncie-

250 608 272 643 „
295 564 438 639 Domus,
469 560 515 627 vel
537 559 595 623 loci
617 552 766 651 cujuslibet
788 553 948 649 Superior,
983 574 1030 617 eo·
1070 595 1092 628 „
1114 553 1225 650 tronis,
1246 551 1454 648 accusatronts,
1475 569 1525 649 aut
1545 552 1684 649 querela,
1704 576 1795 641 quem
1819 576 1864 623 «ι.

250 687 273 725 „
297 665 398 710 rumve
420 640 547 713 affines,
570 654 727 720 propinqur
746 680 756 711 ,
776 634 960 729 lamtlrares,
979 651 1032 698 aut
1070 676 1092 711 „
1114 654 1172 730 ram
1194 656 1230 699 ert
1252 632 1527 729 Offictpprocedr,
1549 634 1585 697 dr
1602 637 1710 718 rnquiri
1728 681 1739 714 ,
1759 638 1863 705 condi.

251 767 274 806 „
294 721 428 791 Ministri
448 714 610 785 utriuslibet
634 715 731 791 sexos,
752 734 909 809 quicquam
931 732 1036 779 contra
1073 758 1093 792 „
1117 715 1236 798 gnrlque
1256 713 1284 778 lu
1307 715 1403 798 pireus
1420 709 1497 806 affui
1514 713 1640 780 debeat.

250 848 273 885 „
294 804 370 900 lianc
392 800 517 885 superius
548 798 705 883 expressam
738 796 969 881 prolrrbrtronem
990 817 1031 859 re·
1112 798 1185 936 „lp
1211 817 1257 858 ιι.
1282 737 1380 893 βᾳιῐι
1399 792 1466 856 ultis
1483 794 1578 865 aJore
1594 796 1735 890 datoris,
1756 819 1790 862 ac
1811 814 1865 881 per

249 926 272 965 n
292 900 423 1106 33:⁰5
440 961 557 1045 Quod,
588 959 674 1023 srvel
695 957 851 1041 abaliquo
872 956 1037 1040 particulari
1076 919 1099 1033 ³:
1120 874 1767 1042 {ppcgpppipugtrffipkpppppslpggpoppp
1816 900 1863 1022 rb.

325 1068 339 1109 e

252 1048 324 1127 „R
384 1044 472 1119 iolo,
501 1042 548 1109 vel
584 1063 602 1102 a
629 1038 779 1121 superiore
807 1039 946 1120 quopiam
977 1037 1036 1100 Ge·
1077 1080 1100 1113 „
1121 1039 1252 1112 nallerii‚
1275 1036 1404 1112 Domus,
1427 1037 1563 1099 autLoci
1585 1040 1709 1113 liatuta,
1732 1039 1862 1105 velcon·

252 1170 275 1204 „
294 1067 383 1190 neraii
404 1170 414 1202 ,
439 1121 631 1193 provinciali,
653 1137 704 1183 ant
724 1139 907 1200 quocumque
928 1116 1037 1182 Officio
1075 1162 1098 1195 „
1122 1116 1279 1184 luetudines
1308 1135 1412 1184 contra
1434 1115 1569 1180 Personas
1596 1119 1706 1203 aliquid
1737 1119 1861 1201 praemil'·

254 1249 275 1284 „
296 1202 458 1288 fungente,
480 1222 529 1268 aut
552 1226 569 1266 a
589 1203 775 1275 conventu,
796 1199 968 1281 capitulo,
991 1201 1039 1263 vel
1078 1242 1099 1275 ‚,
1122 1196 1217 1263 sorum
1248 1198 1498 1272 committentes,
1529 1195 1618 1263 forsan
1650 1200 1799 1278 decrerit,
1828 1201 1863 1266 dt

253 1329 276 1363 „
297 1284 547 1368 congregatione,
571 1284 627 1347 srve
649 1282 685 1344 ab
706 1280 837 1344 uniuerso
856 1281 987 1355 Ordine,
1007 1282 1038 1342 δι
1062 1314 1100 1356 -,,
1121 1278 1256 1357 inflidlis,
1277 1278 1468 1344 nibilominus
1488 1279 1518 1341 in
1540 1278 1590 1343 luo
1611 1279 1713 1346 robore
1726 1302 1862 1364 perman·

253 1409 277 1445 „
299 1366 453 1449 Religione
497 1364 632 1444 uicqmrn
654 1361 828 1442 receperint,
851 1361 880 1423 id
893 1361 972 1439 quod
991 1381 1037 1424 ac·
1079 1402 1102 1437 „
1121 1356 1212 1429 suris.

256 1489 278 1523 „
299 1385 560 1527 ceperint,iuum
581 1463 639 1506 non
662 1441 767 1503 faciant
787 1462 800 1514 3
821 1442 951 1514 Verum,
976 1440 1039 1523 ipso
1117 1482 1140 1517 ‚,
1162 1443 1191 1520 §.
1282 1442 1451 1519 Quocirca
1482 1440 1649 1515 univerfis,
1679 1442 1710 1506 dc
1744 1442 1865 1527 fingnlia

253 1571 276 1607 „
296 1526 393 1604 ladio,
415 1522 519 1606 absque
539 1522 638 1603 aliqua
658 1521 853 1615 monitione]
860 1522 966 1596 udicis,
990 1523 1035 1587 de·
1078 1561 1101 1597 „
1123 1523 1221 1587 moder
1244 1544 1293 1599 rs,
1325 1524 1354 1585 dt
1378 1543 1430 1620 pro
1452 1541 1584 1603 tempore
1604 1523 1789 1588 exilientibus
1819 1523 1861 1587 lo·

256 1651 278 1685 „
299 1627 406 1682 creto,
427 1604 599 1679 Sententia,
620 1622 671 1670 out
694 1600 893 1685 Decltrstrone
913 1646 923 1680 ,
945 1602 981 1664 ad
1002 1602 1036 1665 il·
1078 1641 1099 1675 ,‚
1121 1622 1222 1666 corum
1242 1604 1436 1679 Ordinatirs,
1468 1622 1625 1683 eorumque
1648 1603 1803 1679 vicariis,
1831 1606 1862 1668 ἃ

257 1731 278 1765 „
299 1688 355 1763 lius
376 1685 586 1755 tellitotionem
607 1684 730 1748 omnino
763 1682 792 1744 in
814 1695 937 1765 utroque
961 1682 1040 1747 Foro
1078 1723 1099 1759 „
1120 1681 1302 1748 officialibus
1321 1727 1331 1758 ,
1353 1705 1403 1749 nec
1426 1703 1484 1748 noo
1505 1702 1755 1766 quorumcumque
1773 1685 1863 1747 Ordi-

256 1812 277 1845 „
299 1787 473 1842 teneantur,
494 1766 568 1830 adeo
588 1782 648 1841 ut,
677 1764 854 1829 reliitutione
876 1763 884 1824 i
908 1761 936 1826 sa
957 1763 1034 1826 reali·
1077 1804 1099 1839 „
1121 1784 1212 1837 nunt,
1234 1764 1440 1839 Prioratourn,
1462 1762 1728 1841 Monallerlorum,
1750 1767 1781 1828 ἁ
1803 1765 1862 1830 Do·

254 1891 278 1926 „
301 1866 345 1913 ter
364 1870 424 1914 non
444 1846 546 1924 ludia,
575 1865 667 1923 neque
696 1844 785 1913 etiam
818 1844 849 1906 in
896 1863 950 1909 oro
969 1865 1039 1908 con·
1078 1885 1102 1921 „
1123 1865 1240 1910 morum
1259 1844 1491 1927 Superioribus,
1522 1843 1610 1907 etiarn
1640 1845 1863 1921 Generalibus,

254 1971 274 2006 „
297 1928 418 1995 scientio
436 1927 549 1994 absolvi
570 1924 696 2009 possint.
1078 1966 1100 2001 „
1122 1923 1168 1991 seu
1189 1923 1438 1999 provincialibus,
1460 1923 1634 2020 ceterisque,
1655 1926 1692 1990 ad
1708 1946 1781 2007 quos
1802 1925 1862 2009 spe·

294 2055 317 2088 ‚,
338 2013 370 2090 §.
393 2034 440 2076 ιο.
458 2012 544 2073 Hanc
564 2026 662 2075 autem
683 2005 894 2075 rellitntionem
915 2003 1038 2069 fieriso·
1078 2046 1102 2083 „
1122 2006 1215 2082 erar,
1249 2025 1298 2089 pet
1327 2003 1498 2089 Apollolica
1516 2002 1628 2088 Sctrpta
1659 2008 1861 2082 mandamur,

256 2136 280 2169 „
301 2092 401 2156 lomus
418 2111 477 2154 non
498 2090 639 2171 privatim
659 2088 684 2153 ei
707 2087 770 2152 Reli
793 2084 886 2161 ioso,
916 2087 967 2168 qui
986 2088 1038 2172 do
1079 2094 1102 2163 ,ᾗ
1122 2105 1263 2169 quatenus
1284 2086 1335 2167 ipd
1356 2129 1365 2161 ,
1388 2085 1417 2148 δι
1439 2106 1537 2149 eotunr
1558 2087 1659 2167 iuguli
1682 2131 1690 2162 ,
1712 2105 1858 2170 quantum

232 2198 280 2250 ·„
301 2172 407 2248 navit,
426 2167 472 2235 led
494 2170 522 2233 ei
543 2168 749 2242 Monallerio,
772 2109 910 2241 Bomoi,
931 2166 977 2231 vel
998 2168 1039 2229 al·
1079 2206 1102 2244 „
1122 2168 1157 2230 ad
1178 2188 1228 2231 eos
1247 2167 1403 2249 pertinet,
1434 2182 1529 2229 curent
1547 2169 1628 2229 omni
1648 2168 1764 2244 lindio,
1787 2166 1855 2229 dili·

257 2296 279 2330 „
301 2251 357 2316 teti
378 2251 463 2328 ioco,
486 2253 521 2315 de
543 2253 627 2326 cujus
644 2249 728 2312 bonis
748 2245 823 2309 facia
843 2250 879 2311 eii
902 2246 1041 2328 largitio,
1078 2287 1100 2322 „
1123 2251 1239 2329 gentis,
1260 2248 1431 2310 aotioritate
1449 2290 1459 2321 ,
1480 2247 1510 2307 dt
1530 2248 1682 2327 uigilantia
1702 2292 1714 2323 ,
1733 2245 1853 2327 praesen·

257 2376 280 2409 „
301 2331 470 2399 vel'linotr
491 2333 606 2402 deeius
626 2328 711 2392 bonis
737 2327 878 2390 donatum
908 2328 977 2400 ell,
1007 2327 1037 2387 in
1075 2368 1100 2400 „
1121 2346 1182 2393 tem
1202 2327 1451 2392 constitutionem
1473 2323 1621 2401 firmiter,
1651 2328 1681 2388 δι
1708 2325 1856 2391 inviolate

255 2432 360 2493 „quo
388 2412 464 2477 idern
497 2409 659 2492 Religiosns
689 2411 799 2470 donans
834 2405 1039 2470 Profellionent
1078 2448 1101 2482 ‚,
1122 2407 1287 2484 observari,
1307 2408 1338 2470 dc
1358 2425 1459 2472 contra
1480 2405 1693 2478 inobedientes,
1714 2404 1761 2467 vel
1781 2421 1862 2466 tran·

255 2535 279 2569 „
299 2493 418 2571 emisit,
436 2491 484 2558 vei
505 2492 527 2552 li
547 2491 665 2556 nornine
686 2487 937 2573 totiusCapituli,
959 2487 1039 2549 Con-
1078 2527 1101 2563 „
1125 2488 1270 2570 sgrellores
1286 2488 1438 2569 condignis
1459 2487 1551 2569 poenis
1564 2484 1781 2553 animadvertis
1800 2481 1860 2546 eol·

258 2617 278 2651 u
300 2592 434 2649 ventus,
463 2588 514 2634 ant
534 2569 807 2665 congregationis,
834 2568 879 2634 vel
916 2567 1041 2631 universe
1079 2610 1102 2644 „
1120 2572 1187 2634 dem
1216 2568 1437 2645 inobedienter,
1470 2589 1522 2630 nec
1553 2587 1614 2629 non
1641 2563 1867 2630 contradictores

256 2656 281 2729 '„
302 2654 451 2729 Ordinis,
483 2650 529 2716 lert
551 2650 715 2733 Religionis
731 2649 851 2714 donatio
873 2648 945 2711 lulla
965 2651 1038 2713 eati·
1080 2691 1102 2725 „
1124 2649 1288 2731 quotlibet,
1310 2650 1340 2712 dr
1363 2648 1479 2733 rebelles
1499 2668 1549 2730 pet
1570 2654 1738 2741 opportune
1755 2643 1862 2721 luris,

258 2776 283 2811 „
303 2737 395 2812 terit,
417 2733 523 2810 potirer
542 2731 693 2795 communi
715 2731 836 2807 menlae,
855 2749 906 2794 aur
926 2731 1042 2804 ntallae,
1079 2771 1104 2805 „
1124 2733 1157 2796 dt
1177 2731 1258 2793 fatri
1279 2730 1404 2793 remedia
1424 2773 1434 2805 ,
1456 2726 1656 2810 appellatione
1675 2726 1830 2808 poliposrra
1848 2768 1863 2799 ,

256 2856 280 2889 „
298 2818 380 2890 cuius
398 2815 517 2877 nornine
536 2814 679 2876 donatum
700 2810 786 2876 fuerit
803 2822 823 2885 ,¹
835 2827 953 2953 accepte
971 2831 1035 2873 mu·
1077 2852 1103 2886 „
1119 2810 1345 2893 compescendo,
1366 2810 1505 2873 invocato
1525 2809 1616 2871 eriam
1637 2808 1673 2871 ad
1695 2807 1770 2881 hoc,
1791 2805 1811 2867 li
1829 2824 1861 2869 o·

256 2936 277 2969 „
299 2917 366 2959 nera
386 2896 592 2967 restituantur,
612 2891 655 2955 ita
677 2912 728 2964 or,
750 2912 802 2955 nec
821 2890 872 2963 oui
912 2892 1038 2965 onavit,
1077 2933 1101 2966 „
1120 2913 1174 2977 poa
1194 2893 1297 2973 inerit,
1319 2889 1431 2955 auxilio
1453 2889 1566 2954 brachii
1586 2885 1742 2952 secularis·

257 3016 282 3051 ι»
301 2996 353 3039 nec
372 2974 568 3047 conventus,
587 2971 757 3055 Capitulum
779 2971 1036 3053 ,congregatim
1116 3018 1139 3049 ‚2
1158 2975 1190 3051 §-
1213 2994 1259 3051 ιι.
1282 2976 1353 3037 Non
1373 2970 1551 3039 obstantibus
1570 2966 1863 3042 Constitutionibu,

257 3095 282 3130 „
300 3054 414 3129 Ordo,
441 3072 491 3117 ant
512 3053 660 3134 Religio,
679 3053 725 3117 toi
748 3053 890 3117 rellitntio
908 3050 1040 3115 iacienda
1077 3096 1103 3131 „
1121 3057 1182 3118 &c-

258 3177 281 3210 „
301 3135 366 3212 eli,
383 3134 467 3199 illam
487 3135 653 3211 remittere,
673 3133 703 3196 dt
725 3134 832 3196 iterum
852 3132 1038 3207 condonare,
1116 3179 1138 3210 „
1160 3137 1190 3212 §.
1215 3156 1262 3215 ις.
1280 3132 1429 3197 Volumus
1446 3150 1562 3208 autern,
1584 3148 1617 3196 nt
1660 3126 1863 3194 relentesLit·

259 3257 281 3289 „
303 3233 355 3279 aut
383 3215 567 3297 recipientem
595 3215 636 3279 ab
660 3211 840 3293 obligatione
875 3214 1038 3277 restituendi
1078 3256 1101 3289 „
1122 3233 1189 3280 tem
1211 3218 1243 3280 in
1264 3212 1361 3279 valvis
1379 3212 1473 3278 Sandii
1496 3213 1616 3288 Ioannis
1680 3207 1864 3273 nemnem&

259 3336 283 3371 „
303 3295 453 3371 eximere,
471 3294 516 3359 vel
538 3313 571 3359 ur
592 3297 622 3358 n
642 3311 780 3375 pauperes
798 3311 918 3376 eroget,
938 3313 1037 3357 tonte·
1057 3327 1101 3370 ·„
1122 3295 1267 3381 Principis
1287 3292 1497 3377 Apostolorum
1516 3295 1551 3359 de
1571 3294 1649 3356 Urbe
1665 3290 1862 3358 Bustlicerum,

260 3416 284 3451 ιι
301 3375 369 3441 dete
384 3377 593 3458 quoquomodo
610 3372 716 3458 pollit.
1078 3417 1102 3451 „
1121 3377 1151 3439 or
1172 3376 1205 3439 in
1225 3374 1299 3441 Acie
1317 3376 1425 3459 Campi
1447 3374 1540 3439 Flora
1559 3373 1768 3457 publicentur,
1800 3366 1862 3431 affi-

296 3500 323 3533 „
341 3458 372 3532 §.
397 3476 443 3519 ιι.
466 3455 555 3531 Quod
573 3455 596 3520 n
612 3456 681 3533 quis
698 3474 736 3519 et
756 3450 923 3536 suprodiliis
941 3455 1037 3536 Regu·
1077 3498 1102 3533 „
1120 3457 1164 3519 xis
1185 3458 1255 3522 inibi
1266 3477 1371 3523 eorum
1380 3455 1539 3541 exemplis,
1560 3450 1740 3524 &dissiliret
1761 3449 1862 3526 Quod·

152 3610 155 3613 ,
258 3576 284 3611 ιι
302 3536 410 3601 1³er
428 3534 591 3600 utriussibet
613 3533 692 3599 snus
709 3579 722 3612 s
740 3533 943 3615 cuiuscumque
962 3536 1035 3598 Gra·
1077 3579 1100 3611 „
1120 3556 1178 3617 que
1196 3560 1294 3602 earum
1317 3538 1472 3618 exemplu,
1492 3534 1540 3599 seu
1559 3530 1866 3612 illarumcompendie

243 3658 282 3693 „,
304 3618 379 3694 dus,
397 3615 506 3681 ordinis
527 3614 543 3690 ,'
556 3614 745 3700 Dignitatis,
766 3636 799 3680 ac
821 3614 940 3679 ubilibet
961 3614 1040 3681 loco·
1080 3659 1105 3692 „
1125 3619 1152 3679 in
1166 3616 1244 3683 libris
1252 3638 1501 3701 quorumcumque
1512 3617 1696 3681 Stetutorom
1714 3610 1865 3695 ptaediclo-

258 3737 282 3773 „
303 3719 371 3763 rum
389 3695 600 3771 euidentibus,
628 3693 808 3790 conjonclim
826 3716 894 3759 curn
914 3696 1042 3773 ceteris,
1079 3738 1104 3774 „
1125 3719 1189 3761 rom
1198 3699 1467 3771 Monalleriorotu,
1489 3693 1695 3772 Ptlotatuum,
1715 3690 1865 3774 Collegiu-

259 3819 284 3854 ‚,
303 3778 351 3841 leo
367 3776 484 3841 divisum
502 3777 661 3841 nollratum
682 3774 846 3850 huiusmodi
866 3776 1038 3859 probibitio·
1079 3819 1104 3853 „
1124 3800 1218 3854 turn,
1240 3778 1404 3849 Domornm
1421 3822 1434 3851 ,
1452 3777 1625 3853 ordinum,
1646 3777 1677 3841 dt
1697 3774 1762 3838 Con
1785 3793 1865 3855 rega·

260 3898 284 3933 „
303 3878 393 3932 nunt,
415 3858 610 3933 llarutorum,
626 3856 862 3931 ordinationum,
876 3855 1042 3934 irllionum,
1079 3901 1101 3934 „
1123 3859 1273 3941 tionum(
1294 3861 1392 3942 quoad
1422 3857 1571 3923 Moniales
1593 3857 1747 3922 internae
1782 3874 1828 3916 nm
1850 3894 1865 3924 ,

259 3977 282 4013 „
302 3938 517 4014 decretorum,
544 3936 749 4002 mandatorum
778 3938 859 4001 trml
888 3937 958 4000 elior
978 3936 1036 4002 fue·
1079 3979 1102 4013 „
1122 3939 1153 4003 dt
1184 3940 1335 4022 vulgarem
1363 3939 1498 4020 cuiusque
1528 3938 1675 4021 Regionis
1701 3934 1862 4000 sermonem

259 4057 283 4092 ιι
303 4017 575 4114 rit,llatuirnue,
591 4036 625 4112 ot
645 4019 829 4113 omnibus&
853 3961 971 4099 ingrtiis
1010 4039 1041 4084 er
1078 4063 1099 4095 „
1122 4017 1280 4096 verla,&
1300 4043 1319 4084 a
1339 4019 1397 4085 loci
1416 4019 1608 4090 Ordinatio,
1636 4017 1689 4100 qul
1711 4016 1742 4078 id
1760 4033 1865 4097 quam·

260 4139 283 4173 „
302 4117 371 4193 eum
389 4097 518 4162 obtentus
539 4098 761 4193 Dtgurtatrbos,
779 4098 945 4175 Gradibus,
1007 4121 1036 4161 u·
1077 4141 1102 4175 „
1144 4100 1253 4164 timum
1272 4100 1334 4166 lieri
1355 4119 1465 4176 curet,
1498 4097 1653 4180 subscripta
1674 4096 1868 4168 inserantur,

258 4178 431 4255 „oerrbus‚
451 4176 772 4262 &offerineoipso
826 4180 942 4255 ivarns,
962 4177 1041 4241 acad
1078 4119 1275 4256 „basaltem
1294 4182 1455 4262 quotannis
1473 4180 1501 4244 in
1525 4180 1694 4262 Capitulis,
1715 4176 1869 4242 liueOon·

258 4299 283 4335 „
305 4257 503 4401 {limpsana
524 4257 628 4354 srmilia
645 4301 658 4353 τ
678 4259 773 4323 oeldi
798 4260 895 4323 nmilia
914 4260 945 4320 in
964 4257 1041 4322 futu·
1081 4302 1103 4337 ,‚
1144 4260 1342 4340 regationibos
1358 4260 1495 4343 cuiusque
1523 4281 1620 4325 earum
1643 4261 1705 4323 alta
1724 4259 1757 4321 dt
1777 4254 1866 4320 intel·

255 4380 277 4415 „
297 4358 402 4403 rumo
438 4338 539 4403 rnenda
559 4339 697 4405 mirabilis
715 4359 883 4422 perpetuo,
912 4341 946 4403 δι
965 4340 1040 4403 inca·
1080 4383 1102 4417 „
1139 4340 1233 4423 igibili
1253 4364 1326 4408 voce
1345 4341 1510 4426 legantnr;
1537 4342 1568 4403 oe
1588 4339 1783 4405 nibilominus
1802 4335 1870 4419 poli

256 4459 279 4497 „
297 4440 377 4565 pepp:
397 4438 440 4515 sc·
466 4436 593 4563 atrpetEutrt
612 4416 753 4562 ingonia,
770 4420 1040 4560 drigppminiano·
1080 4463 1104 4495 „
1123 4422 1278 4565 {exagium
1292 4424 1358 4569 diep
1371 4445 1391 4486 a
1409 4418 1682 4567 dizpulrlrcptionip
1701 4422 1717 4503 (
1736 4435 1771 4483 ut
1792 4437 1864 4502 pra·

254 4523 339 4661 lei
357 4522 480 4660 elia,
500 4546 532 4648 i
551 4601 589 4670 u
612 4520 1038 4723 testitudinem&
1076 4505 1870 4671 3:{lnislrrtlnt'1‘„minden

1719 4704 1743 4744 tt
1762 4660 1828 4746 9⁰st
